4148 5704
875 285 1129 399 ..ς·..ι

297 511 338 578 Ρ.
362 509 422 575 ato
442 510 537 574 Rom.
565 529 600 591 p.
630 507 650 572 2
678 505 771 570 Geel.
795 529 830 590 p.
855 507 875 572 2
898 509 1021 573 Lucht.
1067 506 1135 588 Τῆς
1159 497 1467 595 Ιφιλομαύεστάτου
1495 502 1606 592 φυγῆς
1631 503 1718 570 ἐστιν
1743 501 1763 585 ἡ
1843 495 1845 498 ’

198 629 263 695 τῶν
288 621 404 693 αἰτιῶν
430 622 562 714 θεωρία
585 625 642 691 καὶ
671 626 738 715 τού
754 619 922 708 βελτίονος
949 625 985 691 ἐν
1013 624 1177 702 ἑκάστοις·
1206 613 1367 709 μεγίστην
1396 619 1425 686 d'
1434 615 1547 686 αἰτίαν
1572 619 1709 704 ἡγητέον
1732 625 1766 688 ἐν

198 751 300 815 παντὶ
326 743 497 835 πράγματι
517 743 603 832 πρὸς
628 727 796 828 ἐπιτυχίαν
822 743 881 810 καὶ
903 741 1098 810 τούναντίον
1122 744 1180 824 τῆς
1205 739 1371 818 πολιτείας
1395 737 1486 806 ἀνά
1502 744 1763 810 otuelus-Za

199 867 263 956 γάρ
286 862 406 946 ταύτης
432 859 540 952 ὥσπερ
567 865 602 928 εἰι
627 863 734 948 nmio
757 860 798 928 ot
818 861 924 949 μόνον
943 861 1181 954 ἀναφέρεσθαι
1202 859 1376 947 συμβαίνει
1400 857 1512 938 παίσας
1532 858 1593 937 τάς
1618 861 1767 939 ἐπινοίας

200 989 258 1052 καὶ
281 981 438 1069 ἐπιβολάς
457 985 523 1048 τῶν
546 981 670 1070 ἔργων,
700 981 788 1062 ἀλλά
807 985 865 1048 καλ
886 983 1074 1049 συντέλειαν
1090 978 1309 1067 λαμβάνειν]
1358 984 1531 1065 Quomodo
1557 981 1610 1046 bic
1627 1006 1659 1046 v.
1686 978 1767 1045 άνά-

199 1109 445 1200 στασινίοσιιιιι
455 1109 584 1185 babeat,
596 1129 661 1171 uon
674 1104 858 1191 perspicio;
873 1127 932 1170 nec
948 1093 1031 1171 vero
1044 1103 1111 1192 legi
1125 1117 1234 1189 potest
1248 1127 1322 1168 cum
1328 1095 1471 1168 Luchtio
1487 1098 1571 1189 πρὸς
1582 1097 1768 1166 άνάστασιν

198 1242 275 1314 post
295 1231 490 1311 praecedens
510 1222 594 1313 πρὸς
615 1220 782 1309 εὐτυχίαν·
802 1224 980 1310 requiritur
993 1223 1051 1304 τῆς
1068 1221 1236 1300 πολιτείας
1254 1218 1424 1287 σύστασιν.
1448 1201 1650 1290 Praecedens
1663 1223 1766 1305 sigma

199 1347 234 1414 in
254 1371 285 1412 v.
302 1343 476 1432 πολιτείας
493 1347 626 1410 alterum
650 1343 799 1422 abstulit,
827 1367 893 1430 quo
916 1346 1005 1410 sacto
1029 1366 1090 1428 pro
1112 1359 1252 1408 υστασιν
1271 1342 1509 1407 inconsiderate
1530 1342 1767 1426 rescripserunt

201 1462 397 1531 άνάστασιν.
437 1465 512 1530 Sine
534 1485 632 1532 causa
651 1467 763 1529 Lucbt
778 1460 935 1547 μεγίστην
953 1464 989 1529 δέ
1003 1459 1126 1543 ταύτην
1144 1457 1274 1527 αἰτίαν·
1290 1462 1405 1527 etenim
1425 1463 1582 1528 seutentia
1603 1465 1683 1528 haec
1699 1475 1764 1528 est:

201 1587 309 1664 „inter
326 1581 440 1652 omnes
457 1577 588 1662 causas,
619 1601 699 1671 quas
720 1583 916 1671 investigare
933 1605 1119 1667 possumus,
1141 1571 1269 1662 summi,
1290 1586 1378 1668 quod
1402 1567 1441 1646 ad
1460 1571 1511 1678 pes
1538 1604 1713 1667 prosperas
1735 1597 1766 1648 et

202 1711 353 1774 adversas
369 1704 499 1792 attinet,
522 1703 674 1771 momenti
690 1717 745 1808 est
756 1703 896 1770 civitatis
915 1706 1021 1770 forma
1039 1727 1076 1769 ae
1094 1703 1320 1780 constitutio‘3
1337 1689 1526 1792 'neutiquam
1541 1725 1638 1768 vero:
1662 1706 1763 1777 „baec

202 1823 323 1894 summa
342 1847 441 1897 causa
459 1831 541 1894 est.“
579 1827 679 1891 Nulla
701 1824 784 1894 enim
800 1837 872 1889 ante
887 1823 1214 1910 causa‘significatur.

300 1943 341 2016 P.
361 1948 418 2014 371
440 1950 537 2013 Rom.
558 1971 592 2030 p.
614 1947 633 2011 3
654 1946 747 2011 Geel.
767 1969 800 2030 p.
822 1947 842 2010 3
863 1949 982 2014 Lucht.
1023 1937 1097 2010 “Ota
1121 1941 1187 2009 άπὸ
1210 1943 1269 2023 τῆς
1291 1927 1417 2032 Ξέρξου
1443 1938 1629 2026 διαβάσεως
1647 1937 1770 2022 εἰς”τήν

197 2061 345 2136 Ἐλλάδα
366 2085 416 2154 τρ
431 2089 443 2132 ι
458 2061 647 2130 άιιοντα
670 2059 775 2130 ἔτεσιν
796 2055 946 2149 ὕστερον,
968 2057 1035 2130 ἀπὸ
1053 2059 1176 2130 τούτοιν
1191 2063 1257 2129 τῶν
1272 2065 1396 2152 καιρῶν
1412 2061 1463 2128 ἀεὶ
1478 2064 1542 2128 τῶν
1566 2062 1652 2127 κατὰ
1666 2063 1770 2150 μέρος

195 2186 579 2282 προδιευιιρινουμένων,
611 2173 656 2265 ἦν
671 2186 729 2251 καλ
755 2180 931 2249 κάλλιστον
956 2187 1014 2250 ναὶ
1038 2184 1162 2249 τέλειον
1188 2183 1224 2249 ἓν
1251 2186 1321 2261 τοῖς
1344 2179 1598 2267 Ἁννιβαῑιιοῖς.]
1637 2183 1769 2248 Geelius

204 2322 277 2374 ante
290 2303 477 2395 ’τριάκοντα
500 2303 683 2392 possuitiz',
707 2309 797 2393 quod
818 2306 971 2390 proiecto
997 2303 1077 2370 nihil
1097 2305 1184 2369 aliud
1202 2305 1384 2393 significare
1415 2303 1630 2389 potest'nisi:
1667 2305 1770 2378 „Inde

205 2439 383 2514 atempore
400 2429 613 2514 expeditionis
627 2451 645 2493 a
659 2431 774 2496 Xerxe
788 2429 821 2495 in
836 2427 1007 2492 Graeciam
1024 2427 1141 2503 factae,
1163 2426 1216 2491 vel
1229 2424 1362 2513 triginta
1378 2425 1467 2491 annis
1481 2438 1556 2508 post
1571 2423 1699 2501 eam(id
1715 2433 1764 2492 est

203 2551 473 2618 Decemvirorum
489 2549 717 2635 temporibus),
735 2547 952 2634 pulcherrima
973 2561 1004 2612 et
1019 2548 1165 2632 perlecta
1184 2545 1308 2613 exstitit
1320 2550 1540 2613 Romanorum
1554 2568 1605 2610 res
1624 2545 1767 2629 publica,

204 2669 394 2736 Hannibalis
414 2669 652 2754 temporibus“:
676 2669 710 2735 in
730 2669 848 2756 quibus
870 2667 975 2734 tamen
995 2667 1140 2752 scriptor
1161 2667 1276 2732 mirum
1305 2667 1340 2731 in
1362 2671 1493 2732 modum
1512 2663 1573 2730 sibi
1597 2664 1667 2748 ipse
1689 2688 1771 2730 cou-⁴

203 2789 389 2858 tradiceret.
430 2789 517 2874 Quid
544 2789 743 2857 manifestius
767 2811 862 2875 quam
886 2792 1056 2878 legendum
1077 2809 1165 2853 esse:
1207 2782 1274 2852 άπὸ
1298 2784 1357 2866 τῆς
1377 2781 1499 2872 Ξέρξου
1520 2779 1705 2868 διαβάσεως
1725 2777 1770 2858 είς

204 2893 265 2994 τὴν
280 2906 427 2978 Ἐλλάδα
445 2906 648 3002 τριακοσίοις
667 2905 771 2975 ἔτεσιν
790 2901 929 2996 ύστερον
947 2931 977 2974 κ.
989 2931 1017 2973 τ.
1026 2908 1129 2974 λ.-“1
1151 2906 1225 2974 cfr.
1245 2930 1280 2992 p.
1299 2909 1358 2972 tto
1375 2907 1466 2972 Geel.
1489 2904 1594 2973 CCC.
1616 2909 1770 2970 annorum

204 3049 371 3096 numerum
383 3031 532 3096 licentius
546 3031 657 3117 posuit
665 3054 727 3116 pro
742 3027 945 3097 accuratiore
964 3025 1105 3096 CCLX.
1126 3017 1286 3095 Ceterum
1296 3051 1369 3092 curn
1383 3029 1448 3092 Ed.
1466 3029 1561 3092 Rom.
1580 3038 1612 3089 et
1624 3025 1770 3091 Luchtio

204 3151 304 3241 iunge
331 3147 398 3216 άπὸ
427 3147 552 3216 τούτων
577 3148 643 3216 τῶν
665 3149 790 3239 καιρῶν
811 3147 862 3216 det
883 3149 947 3215 τάν
969 3148 1056 3215 κατά
1082 3123 1183 3233 μέρος
1201 3143 1577 3236 προδιευκρινονμίνων,
1611 3145 1770 3233 „singulis

204 3275 253 3338 rei
273 3273 424 3359 publicae
447 3271 595 3357 partibus
615 3294 674 3356 per
695 3272 757 3338 tria
776 3271 856 3337 haee
876 3273 985 3336 secula
1000 3292 1124 3366 semper
1145 3269 1179 3334 in
1202 3266 1314 3334 melius
1339 3265 1583 3335 conformatis.“
1611 3289 1676 3331 non
1700 3289 1771 3330 cum

206 3391 271 3462 Ed.
287 3396 397 3482 Lugd.
415 3394 489 3464 Eat.
518 3385 655 3483 ίίστερον
674 3388 741 3458 άπὸ
759 3387 882 3458 τούτων
903 3389 969 3456 τείν
988 3389 1122 3476 καιρῶν.
1151 3411 1153 3414 ·

304 3513 348 3579 Ρ.
370 3515 430 3578 378
449 3516 545 3578 Rom.
565 3536 600 3597 p.
624 3514 662 3577 to
682 3514 773 3608 Geel.
795 3537 832 3596 p.
854 3516 893 3578 10
911 3514 1034 3576 Lucht.
1054 3508 1148 3586 Ἴσως
1169 3507 1205 3574 δέ
1224 3527 1309 3584 τινες
1332 3502 1578 3587 έπιζητησουσι,
1601 3505 1671 3582 πῶς
1681 3502 1774 3587 ἡμεῖς

208 3629 247 3698 ού
268 3629 470 3721 προγραφάς
494 3629 529 3696 ἕν
551 3628 652 3724 ταύτῃ
671 3631 711 3724 τῇ
730 3630 874 3720 βίβλῳ,
893 3627 1053 3720 καθάπερ
1072 3607 1105 3698 οί
1125 3629 1191 3722 πρὸ
1210 3627 1318 3715 npetu,
1346 3625 1432 3693 άλλά
1455 3627 1671 3720 προεκθέσεις
1690 3623 1771 3689 καθ’

207 3747 347 3832 εἰιάστην
361 3748 571 3837 Ὀλυμπιάδα
590 3748 815 3836 πεποιήκαμεν
833 3751 898 3817 τῶν
919 3747 1109 3839 πράξεων]
1141 3755 1219 3818 Non
1241 3751 1309 3816 sine
1330 3772 1426 3816 causa
1446 3748 1479 3813 iu
1499 3748 1548 3812 his
1568 3733 1671 3820 haesit
1688 3747 1773 3820 Gee-

206 3865 288 3936 lius:
331 3871 426 3948 „Cur
453 3872 557 3960 magis
583 3873 777 3938 mirarentur
801 3871 835 3937 in
854 3875 920 3938 boc
947 3872 1117 3960 undecimo
1142 3873 1229 3938 libro
1252 3894 1347 3956 quam
1365 3866 1658 3956 praecedentibus?
1693 3865 1774 3930 scri·

206 3994 347 4058 bendum
367 3992 496 4059 videtur
515 3992 550 4056 έν
573 3989 691 4080 ἑκάστη
711 3989 851 4083 βίβλῳ.“
892 3992 979 4059 Mihi
991 3995 1101 4080 potius
1114 3997 1168 4058 hlc
1184 4014 1334 4080 quoque,
1355 4005 1391 4056 ut
1405 3989 1549 4073 saepius,
1566 3987 1659 4053 initio
1679 4007 1773 4070 prae-

209 4111 318 4178 sertim
333 4115 531 4201 eclogarum,
549 4111 759 4198 Epitomator
772 4137 831 4179 suo
854 4113 1011 4180 arbitratu
1027 4121 1181 4201 quaedam
1194 4113 1374 4180 immutasse
1387 4110 1526 4177 videtur.
1550 4109 1604 4175 Sic
1617 4111 1681 4172 boe
1697 4107 1774 4172 loco

208 4246 290 4320 puto
309 4233 410 4299 fuisse
431 4233 466 4298 έν
488 4229 589 4324 ταύτῃ
611 4233 653 4325 τῇ
677 4230 908 4322 πραγματείᾳ,
939 4233 994 4307 „in
1015 4249 1087 4301 toto
1107 4239 1172 4301 hoe
1194 4255 1311 4319 opere,
1338 4232 1371 4297 in
1399 4234 1461 4296 bae
1483 4235 1608 4295 cura“:
1639 4230 1774 4312 volgare

207 4369 313 4422 autem
342 4357 538 4452 vocabulum
567 4350 673 4444 βίβλῳ
700 4357 740 4420 ab
768 4354 935 4444 eclogario
963 4376 1033 4422 esse
1062 4331 1289 4420 substitutum:
1321 4352 1379 4419 illo
1414 4370 1642 4437 saepenumero
1673 4346 1775 4414 utitur

208 4479 381 4563 Polybius.
1218 4561 1221 4570 .

307 4596 350 4670 P.
372 4603 432 4670 378
449 4603 547 4668 Rom.
568 4625 603 4686 p.
625 4604 661 4666 11
684 4601 776 4664 Geel.
796 4624 831 4685 p.
855 4603 893 4665 10
913 4599 1035 4663 Lucht.
1073 4593 1211 4685 Θεαρῶν
1224 4593 1261 4660 δὲ
1276 4587 1332 4660 διά
1345 4579 1470 4669 πολλάς
1485 4583 1596 4666 αἰτίας
1615 4589 1696 4653 καὶ
1717 4583 1776 4660 τάς

208 4717 371 4808 τυχούσας
398 4717 660 4810 ὀλιγαρούμενον
689 4723 747 4786 καὶ
773 4715 1003 4808 φθειρόμενον
1022 4716 1062 4784 τὸ
1092 4717 1157 4784 τῶν
1186 4715 1392 4808 προγραφῶν
1419 4711 1540 4796 γένος]
1583 4709 1714 4776 Geelius
1735 4729 1776 4771 ex
