4148 5704
980 180 987 198 ε

864 311 1117 408 ,τοττι-ι,

201 501 261 614 νῖν
276 527 319 602 δὲ
339 521 541 618 Ἀλεξάνδρῳ
552 561 567 608 ,·
589 547 629 620 τη
647 526 771 619 γαστρί
790 503 1064 618 μετροῖυτέςκαὶ
1082 509 1153 610 τοῖς
1171 505 1358 619 ,αἰσχίίττοις
1377 529 1438 614 τὴν
1463 527 1695 619 εὐδαιμονίαν,
1714 532 1774 616 τὴν

201 643 234 713 δ’
252 643 453 740 ἐλευθερίαν
475 647 541 750 καί,
557 642 597 718 τό
618 646 745 732 μηδένα
764 645 849 736 ἔχειν
866 649 1029 734 δεσπότην
1047 650 1172 736 αύτῶν,
1199 648 1230 735 όί,
1244 653 1314 730 τοῖς
1332 651 1507 742 προτέροις
1521 647 1678 734 Ἓλλησιν
1700 650 1775 744 ὅροι

202 765 268 844 τῶν
280 764 433 854 ,άγαθῶν
451 753 540 854 ἦσαν
559 767 618 852 καί
635 763 789 848 κανόνες,
809 766 1086 861 άνατετραφότες.

299 885 437 968 (ίοοῑιο
449 889 529 954 haee
548 887 594 954 ita
614 888 772 972 disseruit¹
782 871 943 974 Polybius
962 893 995 958 in
1011 893 1148 982 Eelogis
1168 894 1230 960 iam
1244 899 1362 960 dudum
1374 870 1468 960 οάίτίε
1480 887 1559 964 Ιιὶί),
1572 886 1689 964 XVII.
1705 899 1772 963 14:

228 1095 232 1104 ¹
276 1073 280 1080 ,
300 1007 527 1098 ,Δημοσθένην
543 1004 629 1073 κατά
648 1004 757 1074 πολλά
773 1032 823 1087 τις
843 1005 887 1076 όίν
898 987 1073 1091 ἐπαινέσας
1090 1013 1125 1094 έν
1143 1011 1247 1104 τούτῳ
1263 1013 1453 1104 μέμψαιτο,
1464 1011 1772 1104 ,διότυπικρότατον

206 1123 334 1214 όνειδος
361 1130 432 1204 τοῖς
459 1124 819 1222 ε’πιφαγεστάτοιςτῶν
837 1127 1002 1211 Ἑλλήνων
1025 1126 1095 1213 εἰκῆ
1116 1135 1175 1200 καί
1199 1129 1338 1222 άκρίτως
1358 1130 1582 1224 προοίρῥιψε·
1609 1132 1723 1226 φύσας
1741 1138 1777 1202 ἐν

205 1251 266 1334 μὲν
283 1242 447 1338 Ἀρκαδίᾳ
463 1246 539 1332 τούς
553 1249 629 1336 περὶ
651 1247 820 1342 Κερκιδᾶν
839 1253 897 1314 καί
914 1249 1179 1340 Ἱεράνυμονκαί
1193 1249 1415 1336 Εύκαμπίδαν
1430 1253 1604 1340 προδότας.
1613 1256 1775 1338 γενέσθαι

207 1364 460 1462 τῆςζΕλλάδος,
488 1361 540 1434 ότι
575 1365 728 1457 Φιλίππῳ
756 1367 984 1455 συνεμάχουν·
1014 1371 1049 1437 ἐν
1076 1374 1112 1440 δέ
1144 1370 1306 1466 Μεσσήνῃ
1335 1373 1424 1452 τοῖςΙ
1443 1371 1606 1442 Φιλιάδου
1626 1375 1773 1456 παῖδας,

207 1487 329 1563 Νέωνα
346 1484 404 1554 κοό
431 1469 666 1576 ΙΘρασύλοχον·
694 1488 730 1553 ἐν
747 1484 862 1578 ’Ἀργει
885 1490 920 1556 δὲ
942 1489 1018 1569 τούς
1040 1493 1116 1581 περί
1135 1489 1269 1581 Μύρτιν
1290 1495 1349 1559 καί
1366 1493 1568 1578 ΙΤελέδαμον
1593 1497 1650 1560 καὶ
1677 1495 1776 1561 Μνα-

209 1608 299 1698 σέαν·
312 1606 553 1698 παραπλησίως
571 1609 606 1676 ἐν
626 1607 789 1699 θετταλίοι
804 1614 866 1694 μὲν
882 1609 958 1697 Ιτούς
975 1609 1196 1699 περίΔάοχον
1213 1616 1271 1678 καί
1287 1611 1428 1694 Κινέαν,
1448 1612 1542 1700 παρά
1562 1613 1598 1679 δὲ
1616 1613 1777 1690 Βοιωτοῖς

208 1727 286 1806 τούς
307 1731 383 1816 περὶ
405 1727 607 1814 ,Θεογείτονα
626 1730 684 1818 καί
708 1728 866 1817 Τιμόλαν.
887 1730 947 1798 σύν
966 1732 1001 1799 δὲ
1016 1730 1145 1810 τούτοις
1163 1736 1220 1798 καί
1238 1732 1370 1812 πλείους
1394 1733 1522 1823 ἑτέρους
1540 1731 1774 1823 ίξηρίθμηται,

210 1847 296 1936 κατὰ
312 1847 409 1914 πόλιν
426 1847 615 1943 ὀνομάζων,
634 1849 745 1936 καίτοι
759 1875 796 1936 γε
813 1849 945 1918 πάντων
959 1858 1020 1938 μὲν
1036 1855 1101 1918 τῶν
1113 1851 1358 1944 προειρημένων
1373 1851 1503 1942 ἀνδρῶν
1519 1853 1623 1920 πολύν
1638 1851 1779 1940 ἐχόντων

211 1967 388 2060 λόγονκαὶ
410 1949 615 2059 Ιφαινόμενον
638 1971 718 2069 ύπέρ
741 1974 804 2038 τῶν
826 1971 909 2038 καθ’
932 1972 1050 2052 αύτούς
1069 1973 1221 2070 δικαίων,
1242 1973 1395 2040 πλεῖστον
1413 1973 1449 2039 δέ
1467 1975 1532 2038 τῶν
1549 1972 1582 2056 ἐξ
1597 1971 1774 2063 Ἀρκαδίας

211 2092 268 2180 καί
287 2088 478 2182 Μεσσήνης.
522 2078 621 2156 Οὗτοι
641 2091 705 2182 γάρ
728 2090 992 2182 ἐπισπασάμενοι
1014 2092 1181 2160 Φίλιππον
1203 2087 1250 2172 είς
1267 2091 1522 2174 Πελοπόννησον
1541 2097 1600 2160 καί
1618 2092 1774 2159 ταπεινῶ-

213 2229 330 2288 σαντες
360 2210 648 2306 Λακεδαιμονίους
674 2213 807 2303 πρῶτον
834 2217 896 2298 μὲν
925 2211 1087 2294 ἐποίησαν
1119 2212 1324 2281 ἀναπνεῦσαι
1351 2216 1424 2297 καίΥ
1440 2213 1554 2297 λαβεῖν
1586 2212 1780 2300 ἐλευθερίας

212 2328 346 2397 ἔννοιαν
366 2305 494 2410 πάντας
509 2330 586 2410 τούς
603 2332 663 2414 τὴν
681 2330 939 2414 Πελοπόννησον
956 2334 1209 2412 κατοικοῦντας·
1229 2331 1341 2400 ἔπειτα
1360 2333 1398 2398 δὲ
1413 2333 1474 2414 τὴν
1489 2329 1600 2422 χώραν
1616 2332 1776 2418 άνακομι·

214 2449 353 2537 σύμενον
370 2455 429 2518 καί
442 2451 503 2530 Ιτοῖς
516 2449 642 2533 πόλεις,
664 2449 705 2530 όίς
721 2450 913 2544 παρῄρηντο
929 2451 1193 2538 Λακεδαιμόνιοι
1206 2454 1291 2520 κατὰ
1304 2453 1365 2535 τὴν
1381 2451 1551 2541 εὐκαιρίαν
1567 2450 1780 2532 Μεσσηνίων,

143 2593 145 2596 ·
214 2572 515 2658 Μεγαλοπολιτῶν,
539 2572 721 2664 Τεγεατῶν,
738 2571 912 2660 Ἀργείων,
930 2569 1077 2654 ηὔξησαν
1099 2573 1159 2652 τὰς
1179 2574 1301 2640 ἑαυτῶν
1317 2573 1481 2662 πατρίδας
1498 2569 1779 2658 ὁμολογουμένως·

216 2689 297 2758 ἀνθ’
313 2682 365 2783 γῶν
385 2691 426 2758 ού
445 2693 598 2780 πολεμεῖν
618 2691 761 2786 ὤφειλον
786 2692 939 2784 Φιλίππῳ
965 2698 1024 2761 καί
1042 2693 1255 2784 Μακεδόσιν,
1289 2692 1377 2760 ἀλλά
1403 2691 1513 2758 πάντα
1532 2691 1618 2758 κατά
1643 2689 1787 2788 δύναμιν

216 2812 374 2900 ἐνεργεῖν,
397 2806 463 2878 όσα
482 2814 566 2903 πρός
586 2811 688 2894 δόξαν
707 2817 766 2880 καί
784 2814 882 2899 τιμὴν
902 2813 1032 2898 ἀνῆκεν.
1072 2809 1120 2881 Εἰ
1134 2819 1196 2899 μέν
1216 2804 1275 2880 ούν
1293 2811 1382 2881 ταῦτ’·
1405 2811 1568 2898 ἔπραττον
1586 2809 1608 2892 ἢ
1628 2811 1781 2902 φρουράν

216 2913 310 3022 παρά
336 2932 503 3000 Φιλίππου
526 2933 697 3022 δεχόμενοι
715 2937 789 3033 ταῖς
807 2932 963 3021 πατρίσιν
982 2931 1006 3015 ἢ
1025 2931 1242 3014 καταλύοντες
1266 2934 1343 3014 τούς
1367 2931 1491 3018 νόμους
1510 2931 1701 3026 ἀφηροῦντο
1724 2930 1784 3024 τόν

217 3052 412 3143 ἐλευθερίαν
441 3057 499 3119 καί
523 3050 717 3144 παρῥησίαν
746 3057 811 3121 τῶν
840 3057 981 3121 πολιτῶν
1010 3054 1109 3145 χάριν
1134 3059 1192 3136 τῆς
1219 3052 1306 3133 ἰδίας
1333 3051 1520 3135 πλεονεξίας
1537 3051 1560 3135 ἢ
1579 3049 1785 3130 δυναστείας,

218 3170 306 3264 άξιοι
324 3175 384 3268 τῆς
400 3175 627 3263 προσηγορίας
647 3165 733 3257 ἦσαν
758 3172 894 3256 ταύτης·
928 3171 959 3242 εί
985 3175 1021 3241 δέ
1049 3179 1222 3263 τηροῦντες
1247 3174 1289 3242 τά
1308 3175 1392 3264 πρὸς
1410 3174 1470 3253 τάς
1488 3171 1653 3258 πατρίδας
1672 3157 1785 3239 δίκαια

218 3291 326 3390 κρίσεο
345 3293 548 3383 πραγμάτων
569 3297 762 3387 διεφέροντο
779 3268 964 3380 νομίζοντες
977 3294 1017 3362 ού
1035 3295 1133 3362 τάυτό
1148 3297 1318 3386 συμφέρον
1330 3293 1529 3375 Ἀθηναίοις
1544 3283 1629 3361 εἶναι
1641 3295 1699 3360 καί
1714 3294 1786 3370 ταῖς

220 3412 343 3491 ἑαυτῶν
362 3412 515 3512 πόλεσιν,
548 3415 587 3482 ού
608 3413 648 3496 δή
669 3438 735 3482 που
755 3417 811 3482 διά
830 3417 926 3483 τούτο
945 3416 1130 3483 καλεῖσθαι
1148 3415 1316 3506 προδότας
1336 3416 1433 3506 ἐχρῆν
1454 3413 1573 3492 αὐτούς
1591 3411 1660 3479 ύπό
1677 3407 1786 3497 Λημο·

221 3507 378 3627 σθένους.
412 3529 455 3622 Ὅ
483 3535 521 3626 δέ
543 3533 668 3624 πάντα,
682 3539 810 3632 μετρῶν
834 3536 921 3626 πρός
947 3537 986 3604 τό
1013 3538 1072 3618 τῆς
1099 3531 1187 3614 ἰδίας
1214 3534 1375 3624 πατρίδος
1394 3535 1566 3622 συμφέρον
1584 3536 1643 3599 καὶ
1661 3531 1788 3610 πάντας

220 3653 402 3739 ἡγούμενος
422 3641 492 3732 δεῖν
518 3655 593 3734 τοὺς
616 3651 788 3738 ’Ἕλληνας
821 3655 1029 3748 ἀποβλέπειν
1046 3658 1131 3746 πρὸς
1160 3635 1385 3738 Ἀθηναίους,
1422 3649 1454 3720 εί
1477 3654 1513 3720 δέ
1531 3654 1597 3738 μὴ,
1623 3651 1789 3743 προδότας

221 3771 415 3870 ἀποκαλῶν,
441 3774 574 3859 άγνοεῖν
591 3798 651 3860 μοι
670 3777 762 3844 δοκεῖ
777 3780 836 3844 καί
854 3777 940 3844 πολὺ
958 3777 1163 3867 παραπαίειν
1180 3777 1240 3858 τῆς
1265 3774 1437 3857 ἀληθείας.
1465 3769 1486 3839 ό
1504 3773 1660 3854 πεποίηκε
1680 3773 1789 3856 Λημο-

223 3894 367 3976 σθένης,
388 3893 547 3986 όίλλοιςτε
567 3896 608 3976 δι)
628 3899 770 3962 καὶτῶν
789 3895 984 3982 συμβάντων
1010 3895 1084 3964 τότε
1103 3892 1343 3977 τοῖςἝλλησιν
1364 3894 1403 3959 ού
1430 3893 1641 3978 Δημοσθένει
1660 3915 1789 3978 μεμαρ-

223 4012 427 4102 τυρηκότων,
451 4010 517 4105 ,ότιι
531 4017 639 4098 καλῶς
657 4015 860 4106 προύνοήθη
883 4020 943 4084 τοῦ
967 4019 1159 4104 μέλλοντος,
1194 4015 1263 4083 ἀλλ’
1296 4011 1501 4106 Έύκαμπίδοι
1525 4019 1582 4082 καὶ
1608 4009 1789 4110 Ἱερωνύμῳ

222 4137 286 4238 καί
312 4109 463 4228 Κερκιδοῖ
491 4140 550 4236 καί
575 4140 645 4216 τοῖς
670 4136 839 4228 Φιλιάδου
852 4137 987 4214 παισίν.
1023 4111 1222 4219 Ἀθηναίοις
1249 4137 1399 4224 μὲνγὰρ
1428 4136 1488 4218 της
1508 4134 1593 4225 πρὸς
1626 4131 1790 4200 Φίλιππον

222 4249 508 4347 βντιπαραγωγῆς
534 4257 695 4350 τὸτέλος
728 4257 834 4344 ἀπέβη
873 4259 912 4325 τό
946 4262 1065 4348 πεῖραν
1096 4258 1213 4352 λαβεῖν
1249 4255 1318 4328 τῶν
1344 4255 1507 4343 μεγίστων
1542 4250 1788 4339 συμπτωμάτων

225 4372 389 4466 πταίουσι
412 4377 452 4469 τῇ
476 4375 565 4468 μάχη
588 4377 672 4474 πρός
696 4377 923 4467 Χαιρωνείαν.
945 4375 977 4446 εἰ
998 4377 1098 4467 δὲμὴ
1119 4378 1175 4446 διά
1198 4378 1259 4459 την
1277 4373 1516 4462 τούβασιλὲως
1539 4370 1789 4463 μεγαλοψυχίαν

221 4497 291 4594 καί,
307 4493 520 4583 φιλοδοξίαν,
551 4499 608 4566 καὶ
629 4497 886 4590 ποῤῥωτέρωτοί
913 4500 970 4580 τῆς
996 4497 1131 4588 άτνχιας
1152 4495 1196 4567 όίν
1222 4495 1335 4588 αὐτοῖς
1359 4493 1488 4587 προύβη
1513 4493 1569 4561 διὰ
1593 4493 1655 4575 τὴν
1681 4495 1791 4586 Αημο·

227 4613 375 4703 σθένους
395 4615 577 4713 πολιτείαν·
605 4618 661 4684 διά
680 4619 718 4686 δέ
739 4618 814 4696 τούς
839 4621 1096 4715 προειρημένους
1119 4618 1246 4707 ἄνδρας
1270 4619 1365 4710 κοινῇ
1385 4613 1445 4704 μέν’
1463 4612 1601 4706 Ἀρκάσι
1620 4619 1677 4682 καί
1697 4611 1791 4682 Μεσ·

229 4711 356 4817 σηνίοις
386 4736 454 4826 άπὸ
478 4737 752 4823 Λακεδαιμονίων
778 4738 947 4830 ἀσφάλεια
970 4743 1027 4814 καί
1052 4738 1204 4829 ῥαστάνη
1232 4719 1512 4830 παρεσκευάσθη·
1540 4735 1609 4804 κατ’
1641 4731 1732 4804 ἰδίαν
1752 4733 1792 4804 ’δέ

230 4860 303 4968 ταῖς
322 4855 429 4942 αύτῶν
447 4858 586 4962 πατρίσι
605 4859 711 4962 πολλὰ
731 4865 789 4930 καί
808 4862 959 4962 λυσιτελῆ
979 4859 1293 4959 ουνεξηκολοόθησε.
