4148 5704
858 365 918 401 ··-
969 335 1018 417 17
1065 320 1120 406 --Ι

208 555 272 634 Ep.
294 553 406 635 38,p.
425 552 498 628 227.
520 537 631 616 οἶσθα
654 547 714 616 τὸν
736 546 889 630 Μήδειον
910 519 1034 618 δκεῖνον
1056 549 1115 616 τὸν
1136 547 1203 616 άπὸ
1226 550 1284 630 τῆς
1310 547 1438 636 Συρίας
1461 549 1558 638 δεῦρο
1583 547 1775 639 κατάρανια

206 668 287 756 μεθ’
311 663 392 757 δσης
414 667 602 758 θεραπείας
620 673 679 736 ιιαλ
703 672 915 759 παρασκευῆς
931 671 1090 755 ε’σόβειν.
1111 694 1139 736 τ.
1158 671 1188 737 λ.
1226 671 1392 754 Quocirca
1415 670 1513 736 satius
1541 671 1603 736 erit
1628 673 1772 738 seribere

208 787 329 873 σογλεΐι1
342 791 408 882 τοῖς
432 787 592 868 τοιούτοις
618 787 728 876 λόγοις
758 793 810 858 vel
836 791 930 858 etiam
953 791 1071 916 σοβεῖν
1089 792 1159 868 τοῖς
1181 787 1358 870 τοιούτοις,
1389 814 1462 856 cum
1490 804 1655 875 praestans
1685 792 1771 859 Cod.

207 907 366 997 Rhoding.
387 933 454 976 non
474 924 629 996 agnoscat
648 934 680 982 v.
698 905 825 991 λόγους.

254 1030 406 1114 Ca.'p
422 1032 473 1097 27.
508 1026 543 1092 6
555 1028 593 1094 δὲ
623 1027 803 1120 ὀψιμαθὴς
837 1029 986 1108 τοιοῦτός
1011 1054 1094 1111 τις,.
1119 1019 1190 1108 οἷος
1214 1067 1314 1088 --
1344 1030 1514 1120 μακρὸν-
1543 1031 1773 1121 ἀνδριάντα

184 1149 408 1234 παίζειν]
429 1145 539 1229 παίειν
558 1162 646 1215 recte
665 1153 796 1230 Parus,
823 1155 984 1236 probante
1007 1151 1232 1220 etiam-Aetio.
1284 1156 1349 1218 Sed
1368 1177 1445 1244 eur,
1474 1176 1612 1238 quaeso,
1639 1153 1772 1239 μακρὸν

207 1257 411 1362 άνδριάνταί
451 1270 542 1354 Quid·
558 1273 621 1337 hoc
645 1268 777 1358 μακρὸν
797 1275 837 1336 ad
857 1272 947 1337 rem?
977 1272 1082 1350 Vide,
1109 1294 1148 1336 ne
1160 1273 1260 1338 fuerit
1280 1269 1434 1362 μαχαίρᾳ
1453 1253 1636 1359 ἀνδριάντα
1653 1271 1766 1338 παίειν
1786 1257 1788 1265 ⁴

303 1391 475 1458 Ibid.·xo6
496 1387 587 1480 πρὸς
602 1387 662 1454 τὸν
688 1383 805 1455 ἑαυτοῦ
821 1386 1021 1456 Ιιὀιάλουθον
1044 1387 1299 1472 διατοξεάεσθαι
1320 1393 1388 1464 καὶ,
1407 1390 1680 1471 διακοντίζεσθαι
1712 1394 1771 1458 καὶ

206 1506 278 1596 ἅμα
308 1508 500 1597 μανθάνειν
527 1507 606 1600 παρ’
628 1505 738 1576 αὐτοῦ
765 1507 808 1588 ὡς
835 1502 878 1573 άν
895 1511 954 1574 καὶ
976 1509 1024 1592 εκ
1015 1507 1101 1576 ίνου
1127 1508 1179 1594 μὴ
1206 1511 1534 1597 ἐπισταμένου]
1552 1513 1767 1600 Negationem

137 1673 140 1680 ι
205 1631 327 1698 delevit
356 1631 468 1696 Aetius
493 1645 597 1722 reete,
628 1634 717 1716 quod
745 1633 785 1696 ad
813 1631 1000 1697 sententiam
1028 1631 1162 1720 attinet5
1198 1632 1425 1720 corrigendum
1451 1645 1539 1700 erat.
1575 1631 1617 1709 ὡς
1640 1627 1683 1700 σίν
1710 1635 1769 1698 καὶ

205 1745 330 1817 ἐκείνου
349 1748 390 1829 δὴ
411 1749 637 1835 ἐπισταμένου.

302 1871 385 1956 Cap.
407 1871 456 1940 29.
479 1873 538 1936 καλ
556 1866 668 1948 εὔνους
691 1859 780 1936 δὲ
748 1893 833 1938 ειναι
857 1895 901 1962 τῳ
886 1871 956 1938 ἐν
976 1869 1130 1963 ἐκκλησία
1155 1871 1360 1957 λέγοντα]
1401 1875 1613 1954 Etiamnunc,
1636 1889 1672 1940 ut
1693 1888 1765 1939 ante

16 1978 20 1988 ¹
106 2005 116 2026 ²
192 1994 266 2056 vhos
286 1990 402 2078 viginti
423 2014 543 2070 annos,
565 1981 832 2080 legendum'puto
853 1991 1049 2078 ἐλεγχθέντι.
1090 1996 1175 2059 Non
1193 1994 1275 2060 enim
1299 1994 1402 2059 cuivis
1426 1994 1459 2062 in
1480 1995 1639 2082 concione
1666 1998 1767 2060 verba

203 2111 334 2177 facienti
354 2115 452 2176 homo
479 2107 704 2199 φιλοπόνηρος
724 2115 837 2178 favere
857 2125 981 2246 potest,
1008 2117 1064 2178 sed
1088 2113 1138 2193 ei,
1170 2113 1225 2201 qni
1247 2127 1407 2200 tamquam
1434 2117 1533 2180 malus
1561 2114 1765 2182 consiliarius

203 2232 318 2348 merito
339 2231 557 2317 redarguitur.
634 2233 638 2244 ⁴

299 2351 655 2436 Interpolationes
674 2352 886 2420 Palatinae
908 2351 986 2436 Cap.
1008 2356 1058 2420 18.
1083 2355 1140 2420 καὶ
1163 2346 1246 2419 ὅταν
1263 2348 1326 2446 ἥκῃ
1345 2377 1396 2450 τις
1418 2349 1634 2443 αἰτησόμενος
1661 2353 1786 2446 ἕκποί-1
1853 2409 1854 2412 ,

200 2491 311 2554 ματα,
338 2467 484 2554 μάλιστα
507 2474 568 2556 μέν
594 2471 639 2556 μὴ
668 2471 804 2537 δοῦναι·
836 2467 878 2536 άν
902 2468 932 2536 δ’
960 2469 1029 2562 ἄρα
1054 2483 1103 2550 τις
1134 2467 1253 2552 οἰκεῖος
1273 2462 1296 2566 ᾖ
1318 2478 1376 2541 καὶ
1400 2472 1600 2560 άναγκαῖος,
1633 2472 1766 2560 μόνον

199 2591 216 2653 ε’
223 2585 419 2680 πυρώσας
447 2592 507 2656 καὶ
533 2588 659 2672 στήσας
684 2594 742 2659 καλ
769 2590 886 2679 σχεδὸν
913 2591 1070 2678 ἐγγυητὴν
1101 2593 1215 2678 λαβὼν
1240 2592 1385 2683 χρήσει]
1420 2593 1525 2680 μόνον
1547 2593 1588 2661 οὐ
1609 2594 1765 2685 πυρώσας

200 2711 431 2792 Schneidecus‚
453 2709 559 2794 μόνον
578 2709 618 2777 06
634 2709 786 2789 τυπώσας
802 2713 926 2780 Corae's
946 2713 980 2781 in
1000 2714 1098 2780 Curis
1117 2716 1276 2788 secundis.
1316 2718 1441 2782 Verum
1460 2740 1573 2800 parum
1589 2717 1761 2810 probabile

198 2844 249 2895 est
267 2831 422 2897 excidisse
441 2832 659 2920 negationem,
680 2835 733 2898 vel
747 2848 920 2920 propterea
935 2838 1025 2921 quod
1037 2834 1192 2901 eiusmodi
1209 2835 1293 2902 actio
1308 2835 1427 2901 infecta
1440 2836 1577 2903 hominis
1592 2837 1762 2921 suspiciosi

198 2974 306 3018 mores
320 2975 384 3018 non
402 2952 477 3017 satis
494 2953 664 3038 exprimit,
686 2966 724 3022 ut
742 2968 830 3020 reete
844 2955 1077 3043 Hottingerus3
1101 2978 1182 3041 quae
1201 2955 1329 3042 quidem
1341 2937 1548 3041 reprehensio
1564 2957 1652 3022 eadit
1666 2957 1760 3021 etiam

197 3071 232 3136 in
254 3096 309 3140 vv.
324 3075 383 3137 καὶ
403 3071 521 3158 σχεδὸν
539 3073 695 3159 ἐγγυητὴν
708 3073 840 3160 λαβὼν,
860 3099 942 3162 quae
957 3075 1189 3160 Interpolatori
1208 3077 1318 3142 deberi
1342 3069 1513 3155 existimo,
1537 3101 1609 3141 eum
1627 3076 1761 3162 reliquis

199 3196 239 3256 ad
259 3194 450 3276 explendum
471 3216 613 3258 mancam
631 3193 791 3260 librorum
810 3209 992 3262 ceterorum
1012 3196 1183 3264 lectionem
1206 3219 1318 3263 carcre
1333 3196 1391 3262 vix
1407 3197 1577 3282 possimus.
1600 3199 1761 3277 (Diversa

199 3325 248 3375 est
273 3312 361 3376 Astii
387 3312 542 3378 sententia
567 3312 762 3387 Animadvv.
782 3340 815 3399 p.
842 3317 933 3395 165.)
973 3316 1060 3399 Quid
1088 3318 1211 3382 multa?
1253 3321 1443 3406 Legendum
1468 3317 1617 3384 videtur:
1653 3315 1761 3403 ὄνομα

196 3428 384 3508 ε’ντυπάσας
404 3435 461 3498 καὶ
481 3428 605 3512 στήσας
621 3433 753 3520 χρῆσαι.
780 3435 928 3523 (χρῆσαι
947 3459 1020 3501 eum
1041 3437 1272 3517 Schneidero.)

300 3550 382 3634 Cap.
410 3553 461 3616 19.
497 3549 596 3643 ἐλαίῳ
633 3553 752 3642 σαπρῷ
782 3553 817 3618 ἐν
848 3553 1013 3648 βαλανείῳ
1050 3553 1216 3645 χρώμενος
1254 3555 1535 3646 σῳιίζοσθαι·]
1569 3554 1760 3648 φλάζεσθαι

198 3670 372 3753 proposuit
402 3671 524 3740 Aetius.
570 3675 635 3737 Sed
662 3673 811 3758 Scriptor
841 3678 906 3742 hoe
934 3676 1030 3759 dicit:
1066 3679 1222 3758 „rancido
1248 3681 1321 3746 oleo
1347 3694 1463 3745 unctus
1489 3684 1695 3747 vehementer
1725 3703 1759 3744 se

197 3812 331 3855 movere
367 3802 398 3854 et
433 3790 525 3876 quasi
552 3805 726 3858 concutere
758 3796 866 3874 solet,
907 3819 973 3882 quo
1001 3797 1127 3884 quidem
1151 3812 1240 3866 motu
1269 3799 1365 3866 latins
1395 3799 1560 3888 spargitur
1593 3813 1676 3868 teter
1702 3799 1757 3864 ille

197 3912 312 3975 odor.“

292 4027 376 4113 Cap.
410 4031 461 4095 27.
496 4031 555 4096 καλ
592 4029 704 4118 κριοὺς
732 4030 954 4121 προσβάλλων
984 4039 1058 4115 ταῖς
1098 4035 1250 4130 θύραις]
1302 4045 1392 4109 Voe.
1427 4039 1539 4131 κριοὺς
1574 4054 1756 4127 suspectum

192 4147 290 4215 Astio
311 4149 390 4215 satis
412 4152 593 4218 defenditur
612 4153 858 4238 Aristophontis
881 4158 958 4223 loeo
986 4165 1070 4244 apud
1089 4162 1291 4229 Athenaeum
1312 4167 1353 4243 6,
1375 4166 1444 4244 36,
1466 4163 1523 4229 ubi
1538 4163 1695 4249 parasitus
1716 4167 1755 4229 de

192 4290 228 4333 se
248 4269 427 4356 gloriatur:
449 4273 644 4358 προςβαλεῖν
663 4271 748 4360 πρὸς
769 4269 878 4340 οἰκίαν
898 4274 971 4360 δεῖς
988 4276 1081 4368 κριός
1100 4283 1114 4362 (
1125 4274 1218 4366 εἶμι.)
