4148 5704
901 321 953 342 ...
999 281 1123 368 7,,1...

231 513 234 522 ’
316 491 360 568 Ρ.
382 497 438 560 431
460 491 553 562 Rom.
573 515 606 578 p.
628 495 670 560 8⁰
688 493 787 560 Geel.
801 517 834 578 p.
855 493 895 558 dl
915 497 1036 560 Lucht.
1051 491 1076 558 d
1097 492 1210 559 δὲποῶ
1234 491 1399 576 μὴ-δεινά
1427 488 1538 558 πάντα
1561 487 1695 570 παθεῖν
1722 492 1792 558 καί

179 663 184 671 ·
218 615 307 682 πάν
332 611 501 708 ὑπεριδεῖν
515 608 578 697 οόγ
599 609 811 695 ὑπέμεινεν]
840 616 926 690 ¹„An
945 637 1009 699 pro
1029 614 1086 678 καί
1113 613 1182 678 πῶν
1211 614 1416 680 scribendum
1456 607 1637 691 δαπάνηνί
1674 612 1794 694 Gerr..

220 742 306 804 Sana
326 735 454 801 videtur
475 729 609 799 Codicis
629 733 744 798 lectio:
760 733 849 816 ·,‚hic
866 756 947 804 vero
960 734 1017 800 uel
1034 733 1140 801 otnnia
1155 757 1274 821 susque
1291 737 1530 821 deque-habere
1547 753 1614 799 non
1628 730 1792 824 sustinuit,

163 869 167 878 “
220 879 260 922 ue
281 855 391 921 ultima
411 870 559 939 quaeque
578 851 783 938 pateretur.“
833 847 837 864 '
1343 899 1346 906 ι

221 1011 228 1021 ·
318 979 355 1042 P.
377 976 437 1039 usu
456 961 552 1038 Rom.
573 997 606 1056 p.
629 975 666 1038 81
689 975 782 1048 Geel.
802 997 836 1058 p.
857 974 895 1040 65
920 976 1040 1041 Lucht.
1071 978 1113 1039 de
1137 973 1226 1038 melis
1253 972 1469 1058 scriptoribus
1494 973 1686 1042 historiciet-
1703 968 1793 1056 ,floi-

220 1097 335 1162 λονται
357 1093 404 1179 μὴ
428 1093 497 1169 τοῖς
517 1088 728 1180 πράγμασιν,
758 1090 844 1158 ἀλλὰ
870 1092 916 1182 τῶ
935 1090 1060 1174 πλήθει
1083 1093 1147 1158 τῶν
1169 1091 1295 1178 βίβλων
1315 1090 1570 1181 ίστοριογράφοι
1591 1091 1793 1182 νομίζεσθαι

220 1211 355 1295 καίτὴν
368 1209 525 1294 τοιαύτην
543 1209 749 1300 ἐφέλκεσθαι
763 1213 967 1304 φαντασίαν
986 1210 1170 1296 άναγκαῐον
1188 1201 1248 1279 σύν
1267 1211 1383 1296 τὰμὲν
1399 1211 1503 1298 μικρά
1521 1209 1651 1298 μεγάλα
1670 1213 1792 1292 ποιεῖν,

209 1335 271 1399 ’τά
291 1333 329 1401 δὲ
358 1333 507 1422 βραχέως
529 1323 686 1422 εἰρημένα
719 1330 972 1414 κατασκευάζειν
989 1334 1058 1398 ’καὶ
1086 1333 1280 1418 λογοποιῶν·
1313 1329 1385 1397 ίνια
1418 1331 1454 1398 δὲ
1479 1332 1546 1398 τῶν
1571 1331 1612 1397 έν
1637 1333 1791 1422 παρέργῳ

219 1454 447 1537 πεποιημένων
478 1450 560 1541 ίργσι
596 1455 658 1518 καί
687 1449 869 1540 πράγματα
902 1441 1245 1534 κατασκευάζειν,
1283 1450 1412 1534 ἀγῶνας
1446 1451 1697 1536 διατιθεμένους
1722 1461 1791 1526 ,καὶ

218 1569 419 1662 παρατάξεις
447 1567 714 1657 ἐξαγγέλλοντας,
748 1570 783 1636 έν
814 1560 868 1648 οἷς
894 1570 997 1637 ε’νίοτε
1022 1572 1113 1652 πεζοί
1144 1576 1205 1656 μὲν
1239 1569 1356 1637 ἔπεσον
1385 1572 1483 1652 δέκα,
1513 1575 1593 1652 ποτὲ
1622 1571 1658 1647 δὲ
1682 1576 1792 1662 μικρῷ

218 1692 339 1774 πλείω,
365 1693 472 1769 ἱππεῖς
498 1692 534 1757 δέ
553 1687 678 1758 τούτων
697 1687 879 1773 ἐλάττους]
908 1691 1115 1758 Manifestum
1145 1699 1193 1758 est
1217 1693 1438 1774 repetitionem
1469 1715 1502 1756 v.
1534 1688 1789 1782 κατασκεύαζειν

219 1813 352 1880 tolerari
373 1835 438 1878 nou
462 1835 580 1896 posse;
609 1812 761 1898 quocirca
784 1812 894 1895 priore
922 1814 999 1879 loco
1022 1813 1150 1878 Geelius
1174 1813 1347 1897 proposuit
1372 1809 1603 1894 διασκευάζειν
1637 1818 1695 1879 sed
1719 1835 1791 1878 cum

219 1933 267 1998 ibi
286 1928 541 2011 κατασκευάζειν
575 1933 740 2014 ‚,oruare“
760 1934 858 2017 longe
882 1935 983 2016 aptius
1008 1933 1049 1997 sit
1070 1955 1162 2016 quam
1186 1929 1410 2012 διασκευάζειν
1439 1933 1655 2014 ,οεδὶοεεε“,
1678 1933 1790 1999 viden.

220 2057 312 2130 dum,
341 2074 381 2118 ue
410 2051 570 2134 posterius
591 2057 771 2118 ructandum
797 2053 839 2119 eit
867 2051 899 2117 iu
934 2049 1244 2133 κατοιοπουδάζειν,Ι
1269 2053 1457 2138 „gravioris
1484 2053 1635 2120 momenti
1668 2053 1790 2138 aliquid

133 2149 138 2158 ⁴
220 2175 353 2240 reddere
373 2194 466 2258 quam
486 2193 523 2238 re
543 2194 620 2239 vera
641 2179 726 2238 cett
763 2167 766 2174 ’
1571 2225 1574 2232 ,

316 2294 441 2360 Ρ.Ἰ135
459 2295 555 2360 Rom.
577 2315 613 2374 p.
635 2293 674 2358 85
694 2293 788 2360 Geel.
810 2315 844 2374 p.
867 2294 905 2360 69
926 2295 1047 2358 Lucht.
1088 2287 1275 2376 Εἰμένηςό
1296 2289 1452 2376 βασιλεύς
1473 2292 1535 2373 τῆς
1556 2289 1712 2380 Περσέως
1731 2293 1790 2358 καί

214 2409 385 2495 Ῥωμαίων
412 2406 519 2497 μάχης
541 2412 828 2497 συντετελεσμένης
857 2405 904 2489 εἰς
932 2409 1127 2499 παράλογον
1154 2412 1282 2477 ἐνέπεσε
1313 2409 1491 2491 διάθεσιν,
1529 2409 1572 2489 ῶς
1602 2413 1636 2476 οἱ
1670 2410 1790 2480 πολλοί

169 2543 172 2549 “
218 2551 342 2620 φασιν,
367 2530 410 2610 ώς
433 2531 530 2598 δὲτὰ
550 2528 747 2618 ἀνθρώπεια
766 2528 947 2618 πράγματα
971 2528 1074 2620 φύσιν
1094 2527 1158 2617 ἔχει
1182 2531 1345 2617 γενέσθαι
1370 2529 1456 2596 κατά
1479 2530 1518 2596 τό
1537 2532 1706 2612 πλεῖστον,
1732 2531 1789 2610 εἰς

220 2673 258 2719 τι
286 2654 362 2720 τῶν
394 2646 612 2718 εἰωθότων
641 2649 917 2737 συμβαίνειν]
950 2655 1039 2733 Quae
1065 2653 1180 2716 horum
1206 2655 1379 2716 verborum
1407 2652 1605 2718 constructio
1635 2653 1692 2729 sit,
1721 2677 1788 2719 non

217 2772 393 2858 perspicio.
433 2777 521 2840 Puto
548 2772 666 2838 fuisse:
703 2771 740 2838 έν
765 2787 797 2836 τι
824 2773 888 2838 τῶν
922 2765 1093 2838 εἰωθότων
1124 2770 1324 2854 συνέβαινεν.
1368 2770 1404 2836 έν
1432 2792 1465 2836 τι
1490 2793 1559 2837 cum
1591 2766 1789 2852 confudisset

218 2893 361 2978 scriptor
381 2893 532 2958 librarius
555 2916 627 2958 cum
647 2889 744 2970 ἕντι,
765 2894 829 2958 hoe
852 2905 1059 2958 correcturus
1078 2892 1163 2958 dedit
1182 2891 1228 2970 εἴς
1245 2915 1291 2968 τι,
1313 2915 1385 2978 quo.
1398 2916 1508 2959 rursus
1528 2906 1788 2978 corrumperetur
1886 2937 1889 2948 ι
1984 2935 1988 2946 .

218 3035 347 3080 uecesse
365 3014 429 3080 luit
445 3017 583 3079 *verbum
603 3013 738 3078 finitum.
1413 3065 1417 3072 .

222 3155 226 3171 ‘
309 3139 356 3202 ⁴P.
377 3135 436 3200 ²139
455 3137 552 3200 Rom.
573 3155 608 3216 p.
628 3136 666 3200 87
689 3135 781 3199 Geel.
802 3159 836 3218 p.
856 3133 895 3198 70
914 3136 1034 3198 Lucht.
1067 3125 1141 3198 “Ore
1160 3134 1224 3197 τῶν
1244 3127 1579 3221 κοινοπραγησάντων
1598 3130 1675 3222 περί
1690 3153 1788 3200 τινων

217 3249 413 3342 ιἰποῤῥήτων
434 3252 474 3318 οὐ
497 3252 573 3330 τοὺς
596 3251 652 3319 διά
676 3249 787 3341 φόβον
809 3248 837 3332 εἲ
857 3250 989 3341 πόρον
1013 3250 1159 3337 μηνυτὰς
1182 3253 1377 3338 γενομένους
1394 3253 1458 3316 τῶν
1478 3249 1673 3320 συνειδότων
1695 3254 1788 3322 mat-

216 3374 351 3456 νούμεν,
382 3370 468 3440 tute
498 3371 573 3450 τούς
600 3374 716 3441 πάσαν
752 3370 1000 3457 ἰπιδεξαμένους
1025 3369 1182 3456 βάσανον
1215 3376 1274 3439 καὶ
1305 3371 1466 3461 τιμωρίαν
1493 3375 1551 3440 καὶ
1578 3373 1696 3456 μηδενὶ
1721 3372 1788 3438 τῶν

206 3491 412 3592 συνειδόσιν
434 3492 632 3582 παραιτίους
655 3494 849 3578 γενομένους
871 3494 930 3574 τῆς
954 3490 1058 3575 αἰτῆς
1083 3496 1276 3583 συμφοράς,
1305 3490 1438 3572 τούτους
1463 3490 1704 3580 ἀποδεχόμεθα
1728 3497 1788 3561 καί

216 3607 351 3690 τούτους
375 3609 502 3701 ἄνδρας
525 3611 680 3697 ἀγαθούς
703 3611 904 3699 νομίζομεν]
937 3611 1018 3680 Cum
1050 3616 1227 3681 rectissime
1251 3619 1315 3681 Ed.
1347 3616 1491 3683 Romana
1521 3619 1637 3682 hebeat
1661 3612 1784 3703 πόρον,

215 3747 373 3816 „propter
397 3734 544 3800 timorem
565 3737 618 3799 vel
644 3745 779 3818 propter
803 3735 1007 3819 quaestum‚“
1039 3737 1122 3801 miro
1148 3759 1222 3800 cusu
1247 3735 1377 3800 criticus
1398 3750 1430 3802 et
1449 3736 1615 3802 Leidensis
1637 3751 1669 3801 et
1687 3740 1784 3804 Alto·

215 3852 321 3919 nensis
338 3853 489 3936 praetulit
509 3855 809 3941 Schweighaeuscri
828 3851 953 3934 πόνον,
976 3856 1027 3920 cui
1047 3856 1151 3921 nullus
1172 3856 1224 3920 hic
1244 3857 1334 3922 locus
1355 3869 1416 3922 est.

226 4025 230 4032 .
312 3974 358 4039 P.
386 3974 445 4040 438
472 3977 568 4040 Rom.
596 3997 632 4058 p.
655 3976 695 4041 88
723 3974 815 4039 Geel.
843 3996 878 4058 p.
906 3979 943 4041 71
968 3978 1091 4041 Lucht.
1123 3968 1258 4058 Ὅμοιοι
1284 3970 1349 4059 γάρ
1376 3969 1461 4040 εἰσιν
1487 3975 1520 4039 οἱ
1545 3973 1606 4055 τὴν
1630 3973 1785 4063 Περαίαν

215 4093 441 4170 κατοικοῦντες
473 4095 542 4171 τοῖς
576 4087 718 4171 οἰκέταις
751 4098 823 4172 τοῖς
854 4095 902 4160 ἐκ,
921 4095 986 4160 τῶν
1019 4095 1147 4180 δεσμῶν
1186 4090 1386 4172 ἀνελπίστως
1420 4095 1628 4181 λελυμένοις,
1666 4089 1784 4174 οίτινες

214 4210 458 4289 πιστούντες
484 4214 552 4308 cole
579 4213 724 4302 tropeien
752 4212 850 4298 μείζω
873 4218 935 4299 μὲν
956 4210 1166 4298 λαμβάνουσι
1190 4212 1249 4295 τῆς
1270 4213 1357 4280 κατά
1379 4210 1481 4303 φύσιν
1504 4212 1713 4297 κινήσεως·
1742 4210 1782 4281 οό

215 4331 353 4398 δοκοῦσι
386 4332 422 4398 δὲ
462 4328 688 4419 γινώσκεσθαι
726 4323 929 4426 ’περάτους
963 4332 1249 4412 παντάπασιν,
1285 4329 1359 4400 ούτε
1394 4335 1613 4424 συνορᾶσθαι
1645 4335 1711 4402 διὰ
1744 4332 1784 4400 τί

215 4452 367 4518 λέλυνται
397 4451 533 4542 σαφῶς,
565 4451 624 4516 ε’άν
656 4448 705 4537 μή
733 4475 765 4518 τι
792 4451 986 4543 παράλογον
1011 4455 1163 4520 ποιῶσι
1188 4455 1267 4520 τῶν
1294 4452 1403 4521 ἄλλων
1429 4453 1693 4541 ἐξηλλαγμένον]
1726 4456 1783 4522 Sic

216 4575 280 4640 Ed.
305 4575 468 4651 Romeua;
491 4573 607 4641 Codex
628 4588 730 4640 tamen
754 4570 919 4640 uuistuom
941 4597 1002 4659 pro
1028 4576 1111 4642 Maii
1131 4571 1352 4642 παντάπασιν.
1391 4578 1458 4642 Iam
1485 4575 1780 4660 procuratorium,

216 4697 305 4778 quod
329 4693 472 4759 servavit
498 4697 624 4773 Lache,
652 4695 781 4762 Geelius
803 4691 1026 4774 neutericum,
1059 4706 1126 4762 tum
1150 4696 1232 4762 idem
1263 4691 1302 4760 ού
1331 4694 1474 4763 δοκοῦσι,
1494 4695 1531 4762 δέ
1554 4690 1781 4776 γινώσκεσθαι

166 4869 167 4873 ,
214 4811 309 4901 παρά
327 4813 398 4890 τοῖς
418 4811 607 4880 ἀπαντῶσα
630 4837 705 4884 saue
729 4815 839 4880 melius
861 4817 1097 4898 quiamLucht:
1120 4810 1159 4880 ού
1183 4814 1317 4889 δοκοῦσι
1338 4815 1374 4880 δὲ
1395 4811 1563 4898 γινώσκειν
1580 4814 1625 4880 τά
1650 4815 1780 4904 πέρατα
