4148 5704
843 357 909 384 -ιι
941 319 992 406 ιο
1039 269 1098 388 -’
1204 285 1219 314 “

200 557 204 569 ··
283 529 433 602 Λοιπὸν
457 532 492 599 εἰι
513 529 636 616 τούτων
662 533 720 602 διό
746 533 806 616 τήν
823 525 1014 624 ’ὑπερβολήν
1035 533 1094 614 τῆς
1113 529 1400 622 παραδοξολογίας
1432 532 1491 603 ούκ
1519 533 1566 616 εἰς
1595 535 1775 631 σύγκρισιν,

201 647 275 718 ἀλλ’
303 645 363 730 εἰς4
377 650 613 739 καταμοίκησιν
636 649 689 722 ἀεὶ
721 658 778 722 καί
799 653 878 742 τούς
900 652 1027 744 ἀνδρας
1051 655 1109 720 καί
1132 651 1193 730 τάς
1220 649 1369 740 πράξιος,
1400 653 1443 734 όις
1468 655 1643 742 βούλεται,
1675 663 1773 750 παρί.

199 771 372 837 σοασθαι·
392 767 417 837 δι’
435 773 552 859 σχεδόν
568 770 614 853 εἰς
633 775 671 842 τό
687 769 922 864 παραπλήσιον
938 770 1088 859 ἐμπίπτει
1107 774 1178 860 τοῖς
1200 775 1276 859 περὶ
1292 771 1369 850 τούς
1387 773 1422 838 ἐν
1441 771 1632 870 Ἀκαδημίφ
1647 779 1774 866 Ιλόγους

204 890 264 958 τόν
282 891 540 986 προχειρότατον
562 897 676 980 γέλωτι
697 891 875 976 ήσκηκόσι·
894 897 952 961 καὶ
974 891 1039 982 γάρ
1062 891 1193 960 ἐκείνων
1220 895 1305 970 τινες
1329 892 1526 982 βουλόμενοι
1549 897 1625 988 περί
1650 923 1683 966 τε
1710 903 1774 967 τόν

199 1011 387 1101 προφανάς
403 1015 623 1096 καταληπτῶν
642 1005 729 1083 εἶναι
749 1010 933 1084 δοκούντων
952 1015 1098 1103 καὶπερὶ
1114 1013 1178 1080 τόν
1196 1009 1435 1094 ἀκαταλήπτων
1449 1011 1496 1092 εἰς
1515 1014 1662 1105 ἀπορίαν
1682 1019 1773 1105 ἄγειν

204 1131 786 1220 τούς’.προσμαχομίνουςτοιαύταις
802 1135 945 1220 χρῶνται
969 1129 1273 1219 παραδοξολογίας
1299 1129 1359 1198 καῖ
1377 1131 1532 1213 τοιαύτας
1557 1137 1774 1227 ε’μπορεύουσι

204 1249 454 1349 πιθανότητας,
475 1248 560 1322 άίστε·
577 1253 768 1342 διοηιορεῖν,
789 1249 820 1319 εί
839 1251 982 1319 δυνατόν
998 1253 1067 1320 ἔστι
1084 1252 1208 1332 τούςίν
1219 1249 1383 1333 Ἀθήναις
1401 1251 1500 1333 ὄντας
1519 1254 1774 1346 ὀσφραίνεσθαι

164 1431 165 1434 ,
203 1369 464 1463 τούντὲφσμὲνων
485 1372 557 1440 ἀίειν
583 1373 619 1440 ἐν
640 1373 782 1466 Ἐφέσῳ,
809 1371 1055 1467 καῖ’,διστάζεον
1074 1369 1123 1458 μή
1141 1395 1211 1450 πως
1230 1369 1312 1438 καθ’
1335 1367 1375 1438 όν
1392 1376 1511 1462 καιρόν
1531 1377 1566 1442 ἐν
1585 1379 1775 1471 Ἀκαδημίᾳ

206 1488 415 1577 διαλέγονται
436 1493 511 1583 ’περί
530 1493 673 1574 τούτων,
700 1495 762 1582 οόχ
782 1493 863 1585 ύπέρ
892 1492 1001 1560 ἀλλων
1025 1491 1078 1581 ἀρ’
1104 1493 1138 1560 ἐν
1164 1493 1242 1584 οἴκῳ
1265 1491 1493 1578 κατακείμενοι
1512 1493 1647 1574 τούτους
1669 1498 1772 1564 διατι-

201 1609 338 1678 θοῖντειι
357 1609 435 1690 τούς
456 1611 596 1700 λόγους·
623 1601 730 1698 ἐξιόν
745 1615 811 1681 διὰ
838 1614 900 1696 τήν
926 1611 1113 1703 ὑπερβολὴν
1137 1615 1195 1696 τῆς
1223 1611 1512 1702 παραδοξολογίας
1540 1611 1587 1692 εἰς
1612 1615 1772 1701 διαβολήν

172 1795 173 1798 ,
200 1729 306 1818 ,ήχασι
326 1731 388 1812 τήν
412 1727 494 1813 όλητ
512 1729 657 1822 αἵρεσιν,
684 1730 765 1818 aare
789 1737 848 1802 καὶ
873 1734 913 1800 τά
929 1735 1040 1812 καλῶς
1062 1731 1276 1823 ἀπορούμενα
1297 1733 1391 1822 παρὰ
1411 1737 1481 1812 τοῖς
1508 1733 1704 1822 ἀνθρώποις
1728 1711 1773 1814 εἰς

143 1841 183 1896 ῨὟ·
205 1849 365 1920 ἀπιστίαν
383 1839 510 1938 ήχθαι·
535 1855 592 1920 καί
612 1857 711 1943 χωρίς
740 1857 798 1935 τῆς
821 1850 909 1934 ἰδίας
936 1851 1093 1942 ἀστοχίας
1115 1855 1173 1920 καί
1199 1855 1269 1930 τοῖς
1291 1853 1378 1932 νέοις
1405 1857 1556 1921 τοιοῦτον
1582 1855 1773 1924 ἐντετόκασι

204 1973 331 2054 ζῆλον,
348 1967 429 2042 ύίστε
452 1975 518 2041 τάν
536 1979 598 2060 μίν
624 1973 754 2058 ήθοκοῖν
776 1977 834 2040 καί
856 1975 1091 2063 πραγματικῶν
1116 1969 1224 2058 λόγων
1246 1973 1330 2058 μηδὲ
1352 1974 1413 2054 τήν
1435 1978 1598 2061 τυχοῦσαν
1622 1977 1770 2044 ἐπίνοιαν

199 2095 399 2176 ποιεῖσθαι,
417 2092 468 2162 δι’.
483 2084 530 2160 οἷν
553 2093 666 2178 ύτηαις
683 2098 753 2176 τοῖς
770 2095 1014 2184 φιλοσοφοῦσι,
1050 2095 1126 2182 περὶ
1149 2092 1185 2157 δὲ
1204 2092 1263 2170 τὰς
1285 2092 1464 2183 ἀνωφελεῖς
1483 2101 1540 2162 καὶ
1563 2095 1773 2186 παραδόξους

199 2211 428 2304 εύρεσιλογιάς
444 2213 689 2298 κτυοδοξούντες
706 2212 947 2305 κατατρίβουσο
963 2213 1041 2292 τούς
1058 2214 1161 2298 βίους.
1185 2250 1187 2258 ¹

201 2391 206 2408 ,
279 2407 283 2415 ,
305 2335 391 2396 Num
410 2341 489 2405 haec
511 2336 710 2404 conveniunt
726 2359 823 2404 verae
843 2337 992 2433 dignitftti
1012 2336 1190 2402 historiae?

305 2457 399 2522 Vere
416 2457 589 2523 laudabilia
617 2458 693 2524 mihi
718 2459 888 2536 videntur,
915 2465 1005 2540 ‘quae
1036 2453 1076 2524 de
1103 2461 1145 2523 L.
1176 2451 1316 2524 Aemilio
1344 2460 1461 2524 Paullo
1478 2461 1593 2526 τείσει
1620 2459 1771 2530 adiuncto

198 2575 326 2643 ακίιοίο
339 2576 505 2646 'Demetrii
524 2578 675 2656 Phalerei
697 2581 794 2658 loeo,
827 2579 883 2666 qui
905 2576 1038 2644 mirifice
1062 2581 1198 2666 quadrat
1221 2575 1314 2642 etiam
1336 2577 1368 2644 in
1387 2591 1497 2644 nostra
1516 2569 1665 2663 ‘tempora'
1683 2581 1772 2644 subi·

205 2710 311 2761 tarum
332 2698 580 2773 conversionum
600 2712 631 2765 et
651 2703 819 2774 turbarum
839 2699 982 2765 civilium
1001 2702 1116 2784 plena:

198 2867 203 2880 .
303 2813 341 2882 ‘0
359 2815 396 2882 δὲ
413 2817 608 2902 μεταλαβών
629 2817 690 2902 τήν
700 2817 890 2904 Ῥωμαϊκήν
906 2815 1077 2884 διάλεκτον
1095 2813 1272 2908 παρεκάλει
1293 2817 1369 2894 τούς
1395 2817 1429 2882 ἐν
1452 2818 1499 2908 τῷ
1519 2815 1676 2908 συνεδρίῳ
1698 2819 1771 2903 βλί-

207 2957 333 3014 ποντας
353 2932 399 3013 είς
424 2937 466 3003 τό
489 2935 664 3027 παρόντα,
694 2938 820 3016 δεικνύς
846 2937 910 3004 ύπδ
932 2937 991 3019 τήν
1011 2934 1093 3027 ὄφιν
1114 2937 1172 3003 τόν
1193 2938 1345 3025 Περσέα,
1374 2934 1456 3021 μήτε
1484 2940 1702 3023 μεγαλαυχεῖν
1720 2944 1773 3004 επὶ

208 3060 278 3132 τοῖς
302 3055 545 3146 κατορθώμασι
568 3059 662 3144 παρὰ
681 3062 718 3128 τό
746 3061 837 3142 δέον,
867 3057 948 3144 μήτε
974 3055 1201 3143 βουλεύεσθαι
1223 3056 1327 3142 μηδὲν
1351 3054 1566 3148 ὑπερήφανον
1592 3057 1668 3142 μηδ’
1694 3055 1773 3138 ἀνή-

208 3196 322 3242 κεστον
342 3180 417 3265 περὶ
435 3177 591 3262 μηδενός,
611 3177 693 3264 μήτε
712 3179 868 3246 καθόλου
889 3175 1051 3246 πιστεύειν
1068 3177 1231 3264 μηδέποτε
1253 3179 1327 3255 ταῖς
1346 3175 1532 3260 παρούσαις
1552 3176 1679 3263 τύχαις·
1701 3177 1771 3244 ἀλλ’

209 3290 263 3362 ὅτε
282 3293 428 3380 μάλιστά
448 3321 496 3376 τις
522 3299 695 3384 κατορθοῖ
713 3300 798 3366 κατὰ
817 3300 876 3366 τόν
902 3298 989 3364 ἴδιον
1010 3297 1086 3383 βίον
1109 3299 1166 3362 καλ
1192 3297 1279 3363 κατὰ
1298 3296 1358 3374 τὰς
1379 3297 1491 3375 κοινάς
1514 3297 1672 3387 πράξεις,
1700 3297 1774 3362 τότε·

208 3414 354 3502 μάλιστα
375 3415 553 3506 παρεκάλει
573 3421 631 3499 τῆς
653 3419 804 3498 ἐναντίας
823 3418 921 3505 τύχης
946 3415 1079 3483 ἔννοιαν
1101 3413 1301 3502 λαμβάνειν·
1332 3416 1475 3506 καὶγὰρ
1504 3412 1586 3485 σύτο
1607 3415 1705 3501 μόλις
1732 3415 1775 3484 ἀν

209 3537 245 3602 ἐν
263 3539 337 3613 ταῖς
354 3533 535 3624 εὐκαιρίαις
558 3538 745 3628 ἄνθρωπον
759 3541 893 3628 μέτριον
910 3536 992 3604 ὄντα
1011 3537 1171 3626 φανῆναι.
1215 3535 1326 3628 Τούτῳ
1345 3537 1409 3625 γάρ
1428 3538 1599 3624 διαφέρειν
1619 3535 1684 3628 ἔφη
1699 3539 1775 3614 τούς

209 3654 370 3736 ἀνοήτους
391 3657 455 3722 τόν
474 3659 555 3733 νοῦν
573 3658 728 3746 ἐχόντων,
763 3659 848 3727 διότι
871 3657 1044 3744 συμβαίνει
1065 3656 1141 3734 τούς
1159 3661 1221 3742 μὲν
1237 3655 1278 3722 δν
1297 3661 1370 3736 ταῖς
1394 3653 1495 3736 ἰδίαις
1521 3655 1670 3743 ἀτυχίαις
1698 3681 1776 3726 παι·

211 3773 386 3855 δεύεσθαι,
406 3775 481 3856 τούς
498 3777 534 3844 δὲ
553 3779 590 3846 ἐν
608 3783 681 3858 ταῖς
700 3782 766 3847 τόν
784 3779 894 3858 πέλας.
1565 3764 1570 3776 ’

302 3890 402 3964 Ὥστε
428 3895 585 3977 πολλάκις
610 3903 667 3967 καὶ
682 3880 772 3968 ’λίαν
797 3894 1011 3986 μνημονεύειν
1037 3899 1096 3979 τῆς
1125 3895 1314 3986 Δημητρίου
1344 3901 1406 3966 τοῦ
1440 3899 1617 3988 Φαληρέως
1644 3901 1771 3989 φωνῆς·

210 4017 416 4107 ε’κεῖνοςγάρ
442 4017 477 4084 ίν
495 4019 541 4109 τῷ
563 4024 713 4110 περὶτῆς
731 4018 828 4107 τύχης
846 4016 1056 4104 ὑπομνήματι
1075 4016 1275 4103 βουλόμενος
1291 4019 1433 4104 ε’ναργοῖς
1457 4017 1686 4086 ὑποδεικνύναι
1705 4023 1774 4096 τοῖς

210 4134 407 4224 ἀνθρώποις
431 4137 469 4204 τὸ
494 4138 616 4222 ταύτης
635 4138 874 4228 εύμετάβολον,
894 4139 1032 4216 ἐπιστάς.
1049 4141 1101 4206 ε’πλ
1124 4139 1200 4216 τούς
1222 4137 1292 4205 κατ’
1313 4137 1529 4227 Ἀλεξάνδρου
1548 4139 1699 4226 καιρούς,
1721 4137 1774 4207 ότι

210 4257 365 4323 κατέλυσε
382 4259 443 4339 τήν
462 4261 604 4350 Περσῶν
622 4257 741 4350 ἀρχήν,
761 4262 846 4346 λέγει
865 4261 985 4325 ταῦτα·
1025 4254 1071 4324 Εί
1087 4259 1152 4345 γάρ
1173 4257 1289 4344 λάβοις
1314 4258 1361 4345 μή
1376 4257 1500 4349 χρόνον
1519 4259 1773 4348 ἀπεορον,’μηδδ

209 4377 322 4462 γενεάς
349 4377 489 4460 πολλάς,
519 4379 605 4446 ἀλλά
628 4380 831 4462 πεντήκοντα
855 4378 961 4466 μόνον
985 4376 1041 4461 ἔτη
1068 4385 1164 4446 ταυτὶ
1182 4380 1224 4446 τὰ
1244 4380 1310 4466 πρὸ
1329 4379 1441 4468 ἡμῶν,
1472 4378 1583 4466 γνοίης
1607 4373 1651 4445 ἀν
1672 4379 1716 4459 οῖς
1734 4383 1772 4446 τό

209 4503 268 4580 τῆς
293 4495 390 4586 τύχης
409 4499 554 4585 χαλεπόν
575 4501 741 4568 ἐνταῦθα·
768 4503 975 4592 ’πεντηκοστῷ
1000 4501 1065 4590 γάρ
1092 4497 1157 4567 ἔτει
1181 4498 1345 4590 πρότερον
1368 4485 1477 4568 οἴεσθ’
1496 4497 1539 4566 ἀν
1557 4497 1580 4582 ἢ
1595 4491 1774 4588 Πέρσαςῆ

209 4620 368 4701 βασιλέας
387 4621 452 4686 τόν
466 4621 608 4710 Περσῶν
629 4619 651 4701 ἢ
671 4619 874 4700 Μακεδόνας
892 4619 916 4702 ἢ
935 4593 1095 4706 βασιλέας
1114 4623 1178 4688 τοῖν
1191 4618 1416 4703 Μακεδόνων,
1437 4621 1471 4687 εῖ
1484 4643 1534 4698 τις
1553 4603 1646 4687 θεῶν
1662 4619 1774 4696 αύτοῖς

209 4737 367 4830 προύλεγε
383 4741 421 4808 τό
444 4742 586 4825 μέλλον,
611 4741 783 4812 ποστεύσαί
806 4719 876 4808 ποτ’
903 4739 945 4807 ἀν
968 4739 1012 4818 ἀς
1035 4737 1081 4818 εἰς
1100 4742 1219 4808 τοῦτον
1240 4741 1299 4808 τόν
1315 4734 1437 4830 καιρόν
1455 4733 1598 4831 Περσίόν
1622 4733 1681 4824 μὲν
1702 4738 1773 4804 οὐδ’

211 4859 319 4949 ὄνομα
342 4859 567 4949 λειφθήσεται
586 4861 623 4928 τό
646 4861 824 4950 παράπαν,
847 4860 878 4930 οῖ
896 4859 1005 4942 πάσης
1026 4861 1148 4946 σχεδόν
1161 4864 1221 4942 τῆς
1236 4857 1430 4947 οἰκουμένης
1447 4855 1645 4943 ε’δίσποζον,
1659 4855 1774 4925 Μακε-
