4148 5704
866 259 992 341 v----.··lt
1040 309 1089 328 .-

183 479 253 552 ,εὼ
265 477 394 562 Targae
415 476 567 543 Veronae
588 478 669 544 1810
690 472 777 546 aliis
795 475 1023 550 rationalem
1036 483 1178 564 ortem,
1201 469 1416 542 aliisasum
1436 475 1673 544 tantum-sibi
1690 465 1767 547 nina

197 593 413 665 dictantibus,
462 597 594 663 Scilicet
620 598 666 664 ita
692 601 763 664 fere
789 599 1001 665 ratiocinatus
1029 581 1088 664 est:
1133 594 1242 676 „Cum
1269 608 1335 660 tres
1359 607 1468 680 partes
1495 571 1559 660 siut
1580 581 1765 674 medicinae,

196 713 352 800 λογικόν,
388 716 611 798 diastematis,
640 715 867 806 χειρουργικόν
899 720 958 786 καί
990 710 1277 804 φαρμακευτικόν,
1311 715 1441 780 medici·
1460 715 1675 800 exstiterunt,
1706 717 1768 822 'qui

196 838 385 905 rationalem
414 853 514 904 artem
541 839 635 906 unice
666 841 860 907 extollentes
881 845 977 926 atque
998 836 1153 921 amplexi,
1191 847 1318 900 ceteras·
1333 847 1443 919 partes
1464 833 1767 924 spernerentvatque
1860 917 1879 934 ,Ι

196 959 326 1024 inutiles
347 981 416 1024 esse
439 962 630 1038 clamarent,
652 983 721 1026 sese
741 961 916 1026 rationales
938 978 1010 1026 esse
1031 956 1224 1044 gloriantes,
1245 967 1389 1034 eeteros,
1408 969 1524 1040 utpotev
1542 956 1598 1041 qui
1611 957 1764 1042 empirici

194 1093 317 1144 tantum
337 1079 412 1158 siut,
435 1079 513 1144 artis
527 1102 661 1164 prorsus
676 1091 826 1165 expertes
841 1083 1057 1165 appellarent3
1078 1077 1195 1164 quibus
1209 1090 1314 1141 tamen
1329 1089 1497 1162 aegrotum
1511 1076 1567 1140 ubi
1582 1078 1764 1166 tradideris,

196 1221 291 1286 quam
307 1200 382 1264 vani
397 1201 461 1265 sint
480 1214 512 1265 et
525 1202 630 1279 leves,
651 1200 758 1274 statim
774 1201 962 1318 experierm
986 1223 1087 1286 aeque
1108 1200 1191 1265 enim
1205 1199 1329 1266 indocti
1346 1199 1550 1284 imperitique
1569 1204 1767 1283 apparebunt

197 1325 293 1406 atque
321 1319 363 1399 ii,
397 1321 453 1406 qui
479 1323 600 1386 nullum
630 1341 770 1408 unquam
795 1321 913 1392 librum
940 1321 1096 1387 medicum
1123 1319 1308 1388 viderunt;“
1354 1321 1423 1383 Iam
1443 1342 1498 1384 vv.
1522 1319 1583 1402 μέν
1608 1341 1639 1383 τι
1658 1322 1766 1386 locum

195 1445 315 1506 habere
336 1455 516 1527 nequeunt,
538 1464 610 1506 cum
631 1455 755 1508 eertum
775 1441 977 1528 significetur
997 1463 1121 1528 genus,
1142 1440 1301 1506 rationale
1322 1439 1463 1516 scilicet3
1487 1444 1550 1503 sed
1563 1461 1631 1503 esse
1652 1444 1763 1504 debet:

134 1543 137 1550 ²
195 1559 293 1628 τοῦτο
317 1559 417 1647 με’ρος
435 1559 548 1643 μέντοι
566 1559 694 1644 κατέχει
715 1560 773 1639 τῆς
797 1553 956 1650 ἰατρικῆς.
995 1566 1170 1629 Praeterea
1188 1559 1449 1628 haesitfleelius·
1462 1560 1551 1624 inv.
1574 1557 1764 1644 ὑπόμνημα,

196 1676 396 1766 ὑποόρηημα
407 1703 610 1764 proponens:
632 1680 710 1745 mihi
720 1679 833 1746 vitium
848 1681 953 1746 inesse
966 1683 1074 1766 potius
1089 1683 1218 1748 videtur
1231 1682 1265 1747 iu
1277 1705 1309 1747 v.
1317 1677 1498 1762 ἐγνωκότες,
1511 1703 1651 1766 proquo
1662 1682 1766 1745 malim

197 1797 414 1883 ἀνεγνωκότες
438 1804 582 1885 <syllaba
603 1821 647 1866 αν
664 1806 816 1887 absorpta
837 1827 855 1869 a
877 1803 1142 1889 praecedentibus
1151 1802 1275 1868 -litteris
1294 1805 1362 1880 εν·)
1382 1801 1461 1887 „qui
1485 1801 1606 1865 nullum
1626 1824 1766 1886 nuquam

198 1922 460 1990 commentarium
481 1923 638 1988 medicum
659 1925 850 2011 legerunts‘
899 1925 1016 2011 Pergit
1042 1924 1075 1988 in
1104 1919 1284 1987 deridentis
1311 1920 1402 1986 salsis
1428 1920 1493 1986 illis
1515 1919 1644 1984 medicis
1664 1921 1766 1986 ratio·

197 2041 342 2106 nalibns:
365 2037 429 2107 εἰσὶ
450 2041 514 2127 γὰρ
541 2039 679 2123 ἀληθῶς
700 2037 813 2129 ὅμοιοι
833 2045 902 2122 τοῖς
921 2043 955 2108 ἐκ
979 2043 1099 2128 βίβλου
1116 2041 1331 2128 κυβερνῶσιν·
1359 2037 1429 2105 ἀλλ’
1455 2033 1544 2124 ὅμως
1568 2027 1659 2105 οὗτοι
1683 2039 1766 2122 μιτά

199 2157 389 2250 φαντασίας
405 2158 673 2252 ἐπιπορευόμενοι
690 2162 749 2241 τὰς
768 2163 880 2240 πόλεις
898 2163 1029 2230 ἐπειδὰν
1049 2160 1242 2248 ἀθροίσωσι
1261 2159 1340 2236 τοός
1351 2156 1505 2256 λόγους
1524 2159 1571 2225 ἐπ’
1594 2157 1765 2244 ὀνόματος,

198 2277 274 2357 τοός
305 2277 351 2344 ἐπ’
384 2277 494 2346 ἀυτῶν
520 2282 584 2347 τόν
608 2278 723 2372 ,ἔργον
756 2280 926 2365 ἀληθινὴν
957 2285 1077 2370 πεῖραν
1104 2277 1288 2358 δεδωκότας
1319 2277 1427 2346 αὑτῶν
1461 2275 1507 2358 εἰς
1536 2279 1596 2360 τὴν
1611 2275 1765 2364 ε’σχιίτην

199 2395 337 2482 ἄγουσιν
356 2396 500 2488 ἀπορίαν
520 2403 579 2468 καὶ
597 2398 851 2493 καταφρόνησιν
865 2403 960 2491 παρὰ
980 2403 1050 2479 τοῖς
1073 2397 1245 2480 ἀκούουσι,
1264 2402 1323 2480 τῆς
1341 2399 1518 2485 τοῦλόγου
1538 2396 1766 2479 πιθανότητος

198 2518 501 2605 καταγωνιζομὲνης
535 2520 782 2602 πολλάκιςτὴν
814 2519 862 2587 ἐπ’
897 2520 1004 2588 αὐτῶν
1036 2523 1101 2587 τῶν
1133 2517 1237 2610 ἔργων
1272 2519 1481 2606 δοκιμασίαν.
1531 2521 1703 2586 Diversum
1732 2521 1766 2598 in

199 2642 327 2706 modum
344 2655 536 2726 corruptum
555 2646 642 2708 hune
655 2645 764 2710 locum
778 2665 890 2708 sanare
905 2643 1013 2711 eonati
1026 2655 1100 2708 sunt
1114 2643 1275 2708 editores:
1298 2642 1428 2707 Geelius
1443 2641 1571 2728 quidem
1592 2639 1760 2722 „Nesoiu‘ss

198 2758 323 2844 iuquit,
346 2762 443 2848 „quid
461 2758 654 2849 ἀθροίσωσι
673 2763 728 2828 hie
750 2763 931 2851 significet:
955 2764 1066 2852 agitur
1089 2764 1171 2827 enim
1192 2767 1230 2828 de
1249 2763 1593 2848 pronuntiand0„non
1615 2765 1653 2826 de
1674 2761 1767 2828 oolli-

175 2973 176 2978 γ
200 2881 313 2968 gendis
333 2881 482 2966 scriptisa
505 2906 606 2970 quare
625 2885 795 2971 legendnm
813 2897 896 2970 puto
915 2882 1046 2949 ἐπειδὰν
1063 2880 1202 2974 ῥίψασι·
1219 2892 1420 2974 postquam
1440 2880 1679 2962 effutiverunt,
1691 2901 1771 2954 ser--

200 3021 340 3080 manea,
361 3001 491 3090 quibus
510 3023 641 3070 nomen
661 3001 885 3071 medicorum
899 3003 974 3072 sibi
996 2979 1213 3072 erecturam
1224 3029 1233 3082 3
1255 3005 1465 3070 Locha-vero
1488 2999 1767 3087 scripsittrototr

201 3114 393 3207 ἀθροίσωσι
414 3119 490 3198 τοὺς
515 3118 633 3202 λόγους
653 3121 706 3187 ε’πλ
725 3120 895 3208 βήματος,
921 3138 1112 3190 nontamen
1132 3147 1192 3190 uos
1214 3127 1350 3200 doeens,
1383 3126 1547 3208 quomodo
1576 3123 1767 3200 „orationes

200 3241 233 3306 in
245 3219 400 3328 suggestu
412 3243 625 3330 congregari“
644 3243 787 3329 possint:
811 3244 889 3330 quid
903 3244 999 3325 enim,
1023 3267 1165 3332 quaeso,
1189 3243 1274 3316 aliud
1289 3247 1366 3308 haee
1382 3216 1570 3309 coniectura
1584 3244 1766 3328 significat?

201 3362 326 3426 Verum
342 3377 417 3432 est:
451 3348 586 3429 ἐπειδὰν
613 3358 805 3451 ἀθροίσωσι
832 3362 910 3441 τοὺς
939 3360 1055 3451 ὄχλους
1077 3360 1124 3428 tri
1150 3358 1330 3448 deiparae,
1362 3363 1441 3444 „ubi
1461 3367 1662 3447 praeclarum
1688 3364 1769 3429 illud

202 3480 354 3548 videlicet
379 3463 548 3549 rationalis
579 3483 657 3549 artis
678 3506 793 3549 nomen
812 3485 984 3550 identidem
1005 3498 1181 3569 crepantes·
1199 3483 1295 3549 huius
1321 3484 1423 3550 veluti
1447 3483 1631 3570 praestigiis
1660 3484 1768 3556 multi-

203 3602 343 3669 tudinem
365 3602 452 3668 eirea
473 3627 507 3668 se
528 3619 784 3693 congregarunt.
794 3603 810 3634 “
853 3605 909 3694 Τῷ
929 3601 1069 3691 ὀνόματι
1088 3605 1150 3670 iam
1169 3605 1223 3670 hie
1248 3618 1454 3690 opponuntur
1474 3602 1516 3668 τά
1541 3599 1638 3691 ἔργα,
1658 3587 1768 3690 paullo

201 3736 276 3806 post
294 3723 378 3788 idem
398 3723 527 3808 repetit.
557 3725 648 3790 Nihil
666 3737 773 3790 autem
792 3726 994 3812 frequentius
1014 3725 1193 3810 pluralibus
1214 3725 1279 3790 illis
1297 3725 1333 3790 oi
1353 3721 1445 3810 ὄχλοι
1459 3725 1642 3809 (Theophr.
1656 3725 1696 3790 C.
1710 3727 1768 3804 6.),

201 3840 245 3906 τὰ
267 3838 395 3924 πλήθη.
433 3831 527 3910 Unde
552 3847 783 3912 defendendum
805 3870 840 3930 p.
865 3822 1044 3914 tts'Rom.
1068 3871 1102 3932 p.
1130 3849 1169 3912 70
1192 3846 1289 3910 Geel.
1314 3869 1351 3929 p.
1373 3847 1411 3917 56
1432 3847 1552 3910 Lueht.
1580 3843 1674 3932 tropei
1694 3842 1770 3920 τούς

203 3958 337 4048 ὄχλους,
359 3963 416 4030 uhi
438 3966 569 4032 Geelius
588 3969 727 4035 malebat
742 3963 840 4052 ’παρὰ
858 3965 918 4032 τοῦ
938 3963 1045 4053 όχλου.

300 4087 343 4153 P.
365 4085 421 4152 391
442 4088 538 4169 Rom.
558 4110 591 4171 p.
611 4088 651 4154 st
672 4088 764 4154 Geel.
785 4110 820 4170 p.
842 4089 881 4152 tt
907 4089 1029 4152 Lueht.
1069 4083 1219 4175 Ἔφορος
1246 4085 1281 4151 ἓν
1304 4087 1374 4161 τοῖς
1400 4085 1589 4168 πολεμικοῖς
1617 4083 1681 4148 τόν
1705 4087 1767 4168 μὲν

182 4294 184 4300 ,
202 4200 288 4268 κατὰ
310 4199 491 4270 θάλατταν
513 4201 618 4293 ἔργων
637 4203 692 4272 ἐπὶ
711 4205 818 4271 ποσόν
841 4201 1051 4272 ὑπόνοιαν
1070 4204 1242 4290 ἐσχηκέναι
1259 4226 1319 4290 μοι
1343 4203 1447 4285 δοκεῖ,
1467 4201 1532 4270 τῶν
1549 4204 1585 4268 δὲ
1603 4202 1688 4269 κατὰ
1704 4205 1767 4286 γῆν

203 4321 337 4411 ἀγώνων
356 4321 490 4414 ἄπειρος
518 4313 604 4394 εἶναι
630 4326 780 4409 τελέως]
822 4326 965 4407 Nescio,
995 4351 1054 4394 our
1080 4329 1192 4392 Lueht
1217 4324 1383 4392 sanissimo
1414 4326 1576 4391 vocabulo
1606 4319 1767 4389 ὑπόνοιαν

204 4444 407 4512 substituerit
422 4439 570 4547 ἔννοιαντ
592 4447 708 4513 etenim
725 4450 779 4512 vel
796 4447 953 4514 adiunctis
972 4471 1026 4513 vv.
1043 4447 1097 4514 ἐπὶ
1110 4443 1217 4513 ποσόν
1233 4446 1312 4515 satis
1332 4444 1532 4534 significatur
1549 4444 1767 4511 nescientiam

204 4565 332 4652 quidem
350 4565 429 4634 belli
445 4541 568 4635 navalii
588 4591 739 4634 summam
759 4568 793 4633 in
810 4569 948 4654 Ephoro
967 4567 1077 4638 fuisse.
1117 4571 1180 4634 Est
1194 4565 1297 4652 igitur
1322 4566 1424 4648 „satia
1442 4565 1621 4650 probabilia
1636 4564 1764 4650 peritia,

204 4710 269 4755 uon
292 4699 397 4755 tamen
414 4688 598 4758 absoluta.“
1027 4769 1032 4778 .

302 4811 345 4877 Ρ.
366 4809 427 4878 392
444 4813 539 4880 Rom.
552 4833 592 4896 p.
613 4811 650 4876 31
672 4810 1016 4894 (scriputura.
1060 4804 1109 4910 Τό
1129 4805 1166 4888 ,δ’
1195 4803 1277 4876 oriri
1299 4800 1471 4890 συμβαίνει
1497 4808 1554 4875 καὶ
1582 4803 1766 4898 Θεοπόμπῳ
