4148 5704
904 259 1155 377 '‘3'‘-

230 471 433 543 coniectura
447 468 533 536 dedit
558 467 618 536 διὰ,
640 467 768 548 πολλός
793 461 903 550 αἰτίας
930 469 970 538 οὐ
995 470 1054 552 τὰς
1079 470 1250 574 τυχούσας.
1297 474 1380 540 Volt
1401 475 1579 558 Polybius:
1612 476 1743 550 „multis
1763 482 1803 544 de

233 593 358 672 causis,
380 591 581 668 (interdum)
602 589 696 675 etiam
715 591 898 669 ίοοιιιίιίε.α
1542 639 1545 646 .

286 715 370 798 Ρ.
391 713 448 787 381
470 715 566 779 Rom.
587 735 621 794 p.
644 714 684 778 14
704 713 796 785 Geel.
817 737 851 796 p.
874 715 913 778 13
933 710 1099 780 Lucht.'
1084 708 1226 804 ηγδιρ
1217 713 1271 780 δεῖ
1289 712 1349 782 τόν
1361 709 1512 805 Ἔφορον
1539 661 1803 803 ἐπαναβεβη-

209 832 348 905 ’κέναι
362 833 415 922 τῇ
439 827 568 920 μανία
573 833 631 896 καὶ
652 829 711 895 τόν
736 813 911 920 Κόροιβον
937 834 994 897 καὶ
1012 831 1071 899 τόν
1088 831 1288 925 Μαργίτην]
1316 835 1524 920 „Requiritur
1546 834 1803 924 ὑπερβεβηκέναι

229 956 283 1018 vel
303 948 618 1040 ιἰπερβεβληκ,ε’ναι.“,ἱ
631 935 800 1034 Garn'tn
821 951 904 1038 idem
922 952 1004 1018 illud
1024 953 1167 1020 incidens
1188 958 1297 1028 Lucht
1319 954 1406 1028 dedit
1422 951 1687 1042 ὑπερβεβηκέναι.
1715 960 1802 1026 Pro·

229 1075 301 1158 pius
323 1088 427 1146 tamen
448 1077 487 1140 ad
507 1071 631 1138 codicis
650 1069 823 1162 lectionem
843 1073 1010 1157 scripseris
1029 1073 1310 1160 παραβεβηκέναι.
1607 1145 1612 1155 ,

327 1198 368 1265 Ρ.
388 1195 448 1260 382
467 1196 563 1263 Rom.
582 1215 615 1276 p.
639 1195 676 1256 to
698 1194 789 1258 Geel.
810 1217 844 1276 p.
867 1197 905 1259 14
932 1196 1053 1268 Lucht.
1089 1189 1160 1259 οὐδ’
1190 1189 1356 1273 αὐτόπτην
1386 1193 1550 1278 γενέσθαι
1577 1191 1710 1259 πάντων
1732 1196 1801 1270 Ιτῶν

229 1315 314 1380 κατὰ
339 1311 401 1392 τῆν
415 1308 608 1396 οἰκουμένην
624 1307 734 1376 τόπων
746 1314 804 1378 καὶ
819 1313 883 1378 τῶν
900 1312 935 1382 ἐν
947 1317 1015 1392 τοῖς
1031 1311 1144 1390 τόποις
1168 1307 1284 1379 ἰδίων
1302 1309 1433 1400 αὐτῶν
1452 1312 1523 1378 τόν
1543 1313 1603 1378 ἕνα
1622 1312 1801 1396 δυνατόν]
1826 1383 1829 1390 ,

230 1439 300 1500 Pro
322 1432 486 1518 corruptis
506 1432 571 1496 illis
592 1432 723 1498 Geelius
744 1407 837 1498 ἰδίων
851 1429 982 1512 αὐτόν,
1010 1438 1122 1500 Lucht
1146 1427 1326 1514 ίδιοτῆτων.
1372 1436 1436 1499 Sed
1462 1434 1621 1516 Polybius
1653 1435 1799 1522 scripsit:

231 1553 298 1620 τῶν
321 1552 358 1618 ἐν
370 1553 458 1630 τοῖς
483 1546 600 1628 τόποις
628 1545 815 1638 ἰδιωμάτων
839 1549 899 1616 τόν
923 1552 983 1622 ενα
1006 1549 1168 1631 δυνατόν,
1198 1567 1237 1621 nt
1256 1577 1333 1642 pag.
1361 1555 1401 1623 28
1429 1531 1520 1628 Geel.
1546 1552 1612 1618 τεόν
1635 1552 1720 1620 κατὰ
1737 1554 1802 1658 γῆν

229 1675 287 1746 και
313 1671 398 1738 κατὰ
422 1669 602 1745 θάλατταν
624 1665 820 1756 ἰδιωμάτων.

329 1797 370 1858 Ρ.
391 1795 450 1858 387
471 1796 567 1859 Rom.
558 1816 621 1877 ..p
643 1794 682 1858 at
703 1794 797 1856 Geel.
817 1815 850 1876 p.
872 1794 1054 1862 toLucht
1081 1789 1120 1859 τό
1151 1790 1231 1860 δ
1190 1817 1271 1860 αυτο
1297 1789 1354 1859 ίνα
1382 1797 1440 1860 καὶ
1461 1790 1548 1872 τοὺς
1579 1791 1802 1884 φιλοτιμόε

231 1933 350 2000 τερον
380 1912 603 1996 διακειμένους
626 1909 891 1997 μεταπείσωμεν,
918 1909 1034 2000 ῥητέον
1058 1908 1101 1978 όίν
1125 1913 1173 1994 εἴη
1199 1916 1333 2002 περιτη
1313 1915 1354 1995 ῆς
1382 1914 1538 2005 αἱρέσεως
1555 1911 1685 2009 αὐτοῦ]
1719 1921 1801 1982 Sen-

234 2035 363 2102 tentiam
388 2033 545 2106 divinavit
562 2033 672 2098 Maius
692 2047 840 2100 vertens:
863 2034 1016 2115 „illorum
1034 2069 1140 2112 -—-,
1163 2035 1220 2122 qui
1237 2035 1400 2101 ardentius
1417 2037 1584 2102 Timaeum
1600 2036 1801 2110 sectantur.“

234 2157 360 2228 Verum
380 2155 585 2220 scribendum
605 2167 690 2220 erat:
713 2150 793 2230 τοὺς
816 2151 1106 2244 φιλοτιμαιότερον
1128 2152 1367 2239 διακειμένους,
1387 2162 1534 2236 eosdem,
1557 2163 1595 2224 de
1624 2157 1745 2244 quibus
1764 2182 1799 2250 p.

230 2279 268 2343 25
299 2277 391 2348 Geel.
418 2271 572 2353 ,τοιαύτης
601 2295 670 2359 παρ
702 2270 802 2350 ένίους
822 2270 993 2359 ἀποδοχῆς
1011 2275 1119 2359 τέτυχε
1145 2277 1204 2340 καὶ
1230 2271 1517 2354 stercorant.
1540 2291 1624 2362 etp.
1647 2280 1800 2346 taceat.

230 2397 298 2472 τοῖς
317 2392 436 2464 τούτου
454 2394 662 2476 ζηλωταίςκ.
682 2415 710 2459 τ.
729 2394 760 2467 λ.
893 2391 895 2394 ’
1690 2459 1694 2466 ,

328 2519 372 2582 Ρ.
394 2518 452 2583 388
471 2519 565 2588 Rom.
586 2540 619 2601 p.
641 2518 678 2582 25
700 2515 793 2582 Geel.
813 2539 846 2598 p
862 2517 905 2584 21
926 2518 1057 2584 Lucht.
1075 2511 1318 2597 πλεοναζούσης
1338 2513 1427 2607 αὐτῷ
1446 2517 1611 2598 (Timaeo)
1630 2515 1719 2602 κατὰ
1738 2519 1799 2599 τῆν

229 2632 461 2726 πραγματείαν
490 2635 548 2714 τῆς
575 2631 661 2699 κατὰ
688 2633 755 2700 τῶν
784 2631 938 2699 ἄλλων
922 2631 1134 2716 επιτιμῆσεως
1161 2638 1219 2701 καὶ
1249 2628 1420 2725 λοιδορίας
1446 2635 1504 2702 οὐκ
1535 2637 1572 2702 εκ
1602 2639 1662 2718 τῆς
1693 2658 1798 2704 αυτον

228 2760 424 2844 χωρείται
444 2753 673 2843 πραγματείας
692 2749 762 2820 οἰδ
785 2753 819 2819 εἰι
839 2752 904 2819 τῶν
924 2748 1016 2819 ἰδίων
1036 2753 1260 2842 οἰποφόσεων,
1282 2753 1353 2822 ἀλλ’
1375 2757 1410 2824 ἐκ
1428 2759 1486 2838 τῆς
1498 2759 1564 2826 τῶν
1581 2758 1683 2836 πέλας
1695 2779 1798 2848 κατη-

229 2875 386 2964 γορίας]
409 2876 577 2962 Corrupto
598 2878 701 2942 verbo
721 2878 875 2962 χωριῐται
890 2877 1019 2941 Geclius
1035 2878 1201 2944 substituit
1214 2875 1376 2964 ὁρμᾶται,
1398 2873 1507 2945 Lucht
1523 2886 1561 2946 dc
1574 2885 1618 2946 L.
1634 2880 1800 2947 Dindorfii

231 2999 419 3068 coniectura
439 2986 630 3085 θεωρεῖται.
682 2995 769 3062 Mihi
788 2996 821 3062 in
842 2985 978 3062 mentem
1000 2999 1106 3078 venit,
1130 3003 1218 3084 quod
1236 3000 1373 3085 propius
1393 3005 1433 3066 ad
1448 3000 1582 3068 Codicis
1603 3001 1797 3086 scripturam

232 3119 373 3188 accedit:
394 3119 599 3206 χορηγείται,
619 3117 755 3202 ,'‚copias
776 3117 878 3183 veluti
899 3118 1030 3183 assumit
1050 3132 1081 3186 et
1102 3121 1306 3203 splendorem
1325 3144 1391 3188 non
1412 3144 1453 3186 ex
1470 3121 1542 3204 ipsa
1562 3141 1719 3190 suasura
1739 3143 1798 3186 nec

232 3240 374 3325 propriis
396 3262 437 3305 ex
457 3238 620 3305 sententiis
642 3259 680 3302 ac
700 3234 849 3316 iudiciis,
870 3243 928 3336 sed
949 3262 990 3303 ex
1010 3240 1146 3308 aliorum
1168 3241 1295 3326 assidua
1314 3242 1599 3326 reprohensione.“

335 3363 376 3426 P.
399 3361 459 3424 389
479 3361 573 3430 Rom.
593 3382 628 3442 p.
650 3360 688 3422 27
710 3359 804 3426 Geel.
824 3382 859 3443 p.
880 3361 919 3424 22
938 3363 1063 3428 Lucht.
1097 3348 1169 3426 οἷον
1195 3361 1320 3439 εὐθέως
1349 3333 1407 3442 τῆς
1436 3356 1605 3452 ἰατρικῆς,
1639 3359 1713 3438 ἑνός
1738 3364 1799 3444 μὲν

231 3481 349 3568 μέρους
368 3477 469 3558 αὐτῆς
494 3476 699 3567 ὑπαρχοντος
724 3479 860 3564 λογικοῦ
867 3527 880 3559 ,
903 3480 963 3545 τοῦ
982 3477 1011 3546 δ’
1019 3479 1091 3562 ἑξῆς
1110 3481 1329 3568 ὁιαιτητικοῆ,
1360 3481 1420 3548 τοῦ
1446 3481 1482 3548 δὲ
1510 3481 1621 3572 τρίτου
1650 3504 1798 3568 χειρουρ-

230 3602 323 3682 γικοῦ
340 3605 399 3682 καὶ
420 3600 691 3688 φαρμακευτικοῦ
709 3603 839 3685 γένους·
866 3598 1104 3687 ὁλοσχερῶς
1130 3601 1171 3666 δὲ
1198 3606 1272 3667 καὶ
1297 3601 1464 3693 τολμᾷν
1488 3605 1558 3668 καὶ
1581 3597 1799 3689 καταιμεό-

232 3720 390 3788 δεσθαι
419 3721 479 3786 τοῦ
510 3717 780 3805 ἐπιτηδεύματος,
818 3719 856 3788 τό
885 3720 921 3786 δέ
946 3720 1079 3806 λογικόν
1108 3716 1189 3799 ὃδὴ
1209 3724 1363 3788 πλεῖστον
1383 3721 1449 3814 ἀπό
1470 3724 1532 3804 τῆς
1545 3717 1797 3808 Ἀλεξανδρείας

231 3838 367 3924 ἄρχεται
393 3838 488 3927 παρὰ
512 3841 579 3904 τῶν
596 3838 821 3938 ,Ἡροφίλείων
847 3843 905 3909 καὶ
927 3838 1183 3926 Καλλιμαχείων
1216 3842 1284 3906 ἐκεῖ
1307 3844 1676 3930 προσαγορευομένων,Ι
1698 3839 1797 3907 τοῦτο

230 3959 330 4048 μέρος
351 3961 421 4044 μέν
440 3983 478 4024 τι
496 3961 623 4046 κατέχει
643 3962 701 4040 τῆς
721 3957 883 4048 ἰατρικῆς,
903 3958 989 4025 κατὰ
1009 3959 1046 4026 δὲ
1065 3961 1125 4042 τὴν
1146 3960 1307 4047 ἐπίφυσιν
1326 3964 1385 4027 καὶ
1403 3961 1465 4042 τῆν
1484 3959 1681 4048 ἐπαγγελίαν
1701 3961 1797 4050 ε’ςυέλ-

231 4103 322 4144 κεται
341 4099 552 4172 αανταοιαν,
580 4073 661 4152 ὁίστε
681 4081 790 4152 δοκεῖν
808 4079 936 4164 μηδένα
956 4080 1020 4146 τεόν
1040 4077 1147 4146 ἄλλων
1165 4086 1298 4168 κρατεῖν
1315 4083 1375 4150 τοῦ
1394 4079 1603 4170 πράγματος·
1637 4077 1694 4157 olle
1714 4075 1796 4146 ὁταν

230 4200 282 4264 ἐπὶ
295 4199 354 4278 τῆν
367 4197 535 4280 ἀλήθειαν
549 4199 731 4286 ἀπαγαγών
745 4198 918 4290 ἰίρῥωστον
931 4199 1124 4292 ἐγχειρίσης,
1148 4203 1308 4270 τοσοῦτον
1321 4199 1494 4287 ἀπέχοντες
1505 4201 1723 4288 γινώσκονται
1737 4201 1795 4281 τῆς

227 4317 352 4404 χρείας,
374 4315 456 4388 όσον
475 4323 533 4384 καί
546 4321 580 4386 οί
595 4319 699 4404 μηδὲν
720 4317 941 4406 ἐγνωκότες
966 4319 1077 4400 ἅπλῶς
1097 4317 1247 4410 ἰατρικόν
1264 4314 1473 4406 ὑπόμνημα]
1508 4328 1629 4392 Manca
1651 4346 1717 4388 esse
1738 4321 1793 4388 illa

230 4437 411 4525 ὁλοσχερῶς
420 4461 448 4505 κ.
454 4463 480 4510 τ,
488 4441 517 4505 λ.
530 4441 695 4524 perspexit
708 4441 850 4520 Geelius,
866 4463 902 4506 ea
917 4463 999 4526 qnae
1013 4445 1202 4510 exciderunt
1220 4445 1265 4510 sie
1280 4447 1449 4529 supplenst
1472 4448 1560 4520 „volt
1573 4459 1676 4512 autem
1689 4445 1793 4526 Poly-

228 4559 318 4660 bius:
331 4583 418 4637 nam,
431 4562 568 4652 exempli
578 4562 694 4650 gratia,
703 4585 778 4628 cum
789 4563 951 4628 medicinae
962 4577 1142 4650 trespartos
1154 4566 1227 4642 sint,
1241 4569 1298 4633 has
1310 4565 1500 4633 adoriuntur
1510 4567 1652 4633 homines
1664 4566 1791 4658 quidam

230 4703 337 4745 veram
358 4679 520 4748 scientiam
540 4685 660 4748 nullam
681 4687 871 4762 afferentes,
893 4689 950 4751 sed
970 4687 1132 4752 audaciam
1152 4701 1185 4752 et
1204 4687 1304 4770 ipsius
1325 4687 1403 4751 artis
1424 4686 1677 4770 contemptmn.“
1704 4686 1791 4754 Mihi

231 4802 358 4890 quidem
377 4804 538 4885 Polybius
558 4809 598 4874 ad
616 4805 699 4894 iglem
719 4805 790 4872 lere
809 4808 990 4892 respexisse
1009 4807 1155 4885 videtur,
1184 4813 1274 4894 quod
1294 4808 1489 4897 significavit
1511 4808 1625 4876 Celsus
1647 4815 1677 4875 1.
1702 4831 1735 4894 p.
1758 4791 1789 4874 4.
