4148 5704
878 279 1219 371 -·13ι·-,

306 499 398 580 Quae
419 497 446 561 si
467 493 617 562 attentius
638 494 802 581 legeritis,
822 495 969 576 minimo,
1001 493 1266 572 commilitones,
1294 517 1354 561 ros
1375 494 1505 572 latebit,
1533 506 1631 582 quarn
1648 494 1773 580 penitus

208 606 307 685 insita
338 617 438 684 suerit
474 617 507 681 in
538 619 741 682 Graecorum
767 616 878 681 animis
907 639 1009 701 prava
1034 617 1092 681 illa
1119 615 1229 700 opinio
1244 619 1264 694 ‚'
1288 639 1365 680 suae
1393 622 1615 712 tantummodo
1651 613 1775 682 ci'vitati

209 760 369 826 quemque
379 740 497 802 dehere
508 735 660 821 opitulari
670 736 893 822 diversamque
906 735 1105 825 singularum
1118 759 1187 803 esse
1200 725 1595 821 utilitatem-spectandam,
1611 757 1670 800 nec
1681 743 1774 811 vern,

211 861 302 945 quod
321 881 392 922 cum
411 856 612 942 paucissimis
633 855 703 920 aliis
724 869 756 921 et
776 856 841 921 suis
862 856 989 922 civibus
1010 869 1042 922 et
1062 856 1178 921 ceteris
1192 858 1327 923 Graecis
1348 880 1473 942 semper
1492 869 1637 936 suaserat
1655 857 1776 920 Demo-

209 981 351 1056 sthenes,
380 977 508 1042 unicam
529 976 687 1041 Graeciae
706 976 877 1042 universae
902 978 1036 1042 salutem
1061 977 1095 1043 in
1126 999 1165 1044 eo
1190 977 1328 1062 positam
1358 1001 1448 1056 esse,
1486 991 1523 1042 ut
1551 990 1687 1042 cunctae
1708 974 1776 1040 eius

211 1098 356 1164 civitates
383 1098 417 1163 in
444 1098 595 1164 libertate
624 1103 778 1163 adversus
803 1097 1009 1182 Philippum,
1044 1096 1270 1162 astutissimum
1299 1097 1477 1174 hominem,
1510 1097 1642 1163 fortiter
1667 1097 1777 1161 desen·

212 1223 308 1284 denda
330 1218 570 1302 conspirarent.
611 1217 705 1282 Adeo
726 1217 830 1305 igitur
849 1217 1011 1284 discordia
1031 1217 1087 1282 illa
1107 1231 1139 1286 et
1159 1215 1315 1284 dissensio
1336 1217 1442 1283 civilis
1469 1220 1643 1304 plerosque
1672 1229 1776 1282 trans·

211 1361 324 1408 versos
340 1341 474 1425 agebat,
493 1351 529 1402 ut
542 1335 688 1402 homines
703 1337 848 1422 alioquin
865 1337 1081 1415 honestissimi
1101 1348 1198 1424 atque
1213 1337 1331 1421 optime
1346 1342 1384 1402 de
1399 1338 1578 1421 republica
1593 1337 1775 1412 sentientes,

211 1459 330 1546 quibus
351 1458 464 1524 merito
484 1469 714 1522 annumeratur
733 1458 914 1541 Polybius,
937 1459 1039 1525 eidem
1060 1459 1165 1525 errori
1186 1459 1323 1525 obnoxii
1343 1472 1468 1536 essent,
1492 1458 1579 1522 aliud
1601 1457 1777 1522 Athenien·

210 1579 293 1645 sium
314 1601 382 1644 esse
401 1581 619 1655 commodum,
654 1577 819 1642 Arcadum
846 1579 949 1658 aliud,
980 1579 1067 1644 alind
1086 1579 1161 1644 item
1182 1593 1363 1644 ceterorum
1385 1578 1542 1642 Graeciae
1569 1579 1776 1661 populorum.

212 1699 422 1766 Manifestum
450 1697 545 1762 huius
571 1696 794 1782 perversitatis
821 1702 1045 1766 documentum
1067 1700 1145 1786 quid
1165 1722 1224 1766 uos
1254 1698 1422 1764 Helvetios
1449 1719 1579 1789 monere
1606 1707 1777 1782 oporteat,

214 1819 312 1884 facile
331 1819 393 1903 ipsi
412 1807 639 1902 perspicietis,
656 1840 771 1901 spero,
794 1797 1051 1886 commilitones.
1254 1801 1256 1806 ι

313 1941 378 2006 Sed
409 1938 497 2005 aliud
523 1962 655 2026 quoque
682 1936 792 2022 mirari
817 1935 926 2014 subit,
963 1936 1020 2002 ubi
1053 1936 1283 2002 contulerimus
1315 1939 1422 2004 locum
1453 1936 1486 2002 in
1513 1935 1651 2022 Eclogis
1677 1957 1780 2020 nuper

212 2061 350 2157 inuentis
372 2073 549 2126 servatum:
933 2061 936 2067 ‘

312 2177 481 2262 Μέγιστον
501 2175 523 2258 ή
545 2173 627 2276 τύχή
648 2177 742 2244 δοκεῖ
757 2173 869 2262 φόβον
882 2175 1057 2257 ἐπιστήσαι
1069 2177 1140 2254 τοῖς
1150 2170 1289 2258 Ἕλλησι
1307 2175 1394 2242 κατὰ
1411 2174 1471 2256 τήν
1487 2171 1609 2262 Ξέρξου
1623 2171 1780 2258 διάβασιν

213 2293 260 2376 εἰς
280 2297 341 2379 τήν
359 2295 537 2387 Εὐρώπην·
564 2294 638 2364 τότε
659 2297 723 2385 γὰρ
749 2293 979 2362 ἐκινδύνευσαν
1003 2301 1065 2380 μὲν
1093 2293 1229 2376 πάντες,
1249 2293 1464 2362 ἔπταισανδὲ
1479 2297 1592 2372 τελέως
1613 2291 1779 2376 ὀλίγιστοι,

213 2415 360 2501 μάλιστα
378 2417 414 2483 δὲ
433 2413 557 2484 τούτων
576 2414 772 2498 Ἀθηναῖοι·
792 2411 1025 2504 προειύὸμενοι
1043 2415 1108 2506 γὰρ
1131 2412 1305 2506 ἐμφρόνως
1317 2414 1366 2480 ’τὸ
1385 2416 1522 2499 μέλλον,
1551 2414 1694 2493 ἐξέλιπον
1719 2412 1778 2497 τήν

213 2535 364 2626 πατρίδα.
387 2535 469 2620 μετὰ
493 2537 701 2624 τέκνονκαὶ
731 2536 904 2622 γυναικῶν.
941 2533 1080 2620 Βλάβην
1105 2541 1166 2621 μὲν
1195 2526 1253 2602 οὖν
1280 2534 1299 2601 ὁ
1326 2533 1443 2621 καιρὸς
1473 2530 1585 2611 αὐτοῖς
1613 2531 1781 2615 ἐπήνεγκε·

215 2773 283 2841 οὐδ’
313 2770 492 2861 αἰσχύνην,
525 2775 564 2842 τὸ
592 2773 619 2841 δ’
640 2775 792 2843 ἐναντίον
818 2773 967 2844 εὐκλείαν
995 2777 1090 2863 παρὰ
1115 2777 1200 2842 πᾶσι
1230 2779 1301 2854 τοῖς
1328 2773 1509 2863 ἀνθρώπος
1536 2776 1597 2857 τήν
1624 2770 1782 2860 μεγίστην

215 2875 403 2980 ἀπήνεγκαν
410 2943 420 2976 ,
448 2890 499 2961 ὅτι
517 2894 627 2962 πάντα
650 2897 685 2962 ἐν
708 2894 864 2962 ίλύσσονι
885 2896 1026 2981 θέμενοι
1047 2897 1106 2976 τῆς
1127 2895 1229 2976 αὐτῆς
1251 2891 1349 2982 τύχης
1368 2889 1495 2962 εἵλοντο
1521 2894 1690 2960 κοινωνεῖν
1711 2894 1782 2970 τοῖς

216 3009 328 3091 ἄλλοις
344 2997 492 3096 Ἕλλησι.
546 3015 734 3104 Τοιγαροῦν
765 3015 862 3108 καλῇ
886 3013 1089 3107 χρῃσιίμινοι
1119 3017 1310 3105 προαιρέσει
1342 3015 1437 3104 παρὰ
1465 3013 1574 3091 noda&
1606 3010 1651 3080 ού
1679 3009 1783 3099 μόνον

216 3132 441 3215 ἀνεκτήσαντο
468 3133 530 3214 τήν
555 3134 703 3225 πατρίδα
728 3138 785 3201 καί
808 3136 871 3216 τήν
892 3136 1015 3201 ἑαυτῶν
1036 3133 1166 3223 χώραν,
1198 3133 1284 3200 ἀλλὰ
1314 3138 1373 3200 καὶ
1398 3137 1474 3224 περὶ
1498 3135 1557 3214 τ’ής
1579 3135 1652 3199 τῶν
1672 3131 1782 3198 ἄλλων
1881 3115 1885 3126 ’

211 3231 373 3334 Ἑλλήνιον
394 3253 572 3337 ἡγεμονίας
590 3252 657 3340 μετ’
679 3253 794 3341 ὀλίγον
813 3253 1048 3345 ἠμφισβήτουν
1066 3255 1151 3345 πρὸς
1168 3253 1466 3340 Λακεδαιμονίους.

314 3377 409 3441 Adeo
429 3375 532 3462 igitur
552 3375 647 3440 etiarn
667 3377 828 3459 Polybius
848 3377 967 3443 iudicia
987 3401 1045 3442 sua
1066 3383 1234 3441 adrerum
1255 3390 1403 3442 eventum
1424 3373 1781 3460 p'otius'conlormavit,

215 3518 312 3580 quam
332 3499 373 3560 ad
391 3495 602 3562 consiliorum
621 3496 766 3580 ipsorum
788 3503 883 3583 atque
904 3497 1066 3564 actionum
1089 3496 1390 3584 magnanimitatem.
1431 3497 1494 3562 Hic'
1516 3487 1599 3561 eninr
1619 3495 1783 3581 praedicat

215 3615 447 3694 Athenienses,
470 3617 719 3700 quodmaxirnas
737 3618 932 3684 calamitates
946 3618 1107 3702 perpessi,
1129 3622 1256 3682 tandem
1266 3619 1482 3682 clarissimam
1496 3621 1534 3682 de
1545 3619 1663 3681 Xerxe
1677 3615 1782 3682 ricto-

215 3735 296 3800 'riam
312 3735 601 3820 pepererint;'illic
623 3742 750 3804 eosdem
771 3739 977 3823 reprehendit
996 3751 1031 3806 et
1052 3727 1199 3816 abesset,
1222 3743 1312 3824 quod
1333 3738 1557 3824 Demosthenis
1579 3734 1783 3804 suasionibus

216 3856 365 3922 obsecuti
383 3880 400 3922 e
419 3881 530 3946 pugna
551 3863 591 3922 ad
618 3859 841 3925 Chaeroneam
872 3860 1048 3926 commissa
1067 3860 1239 3926 inferiores
1274 3859 1480 3924 discesserint
1509 3880 1613 3944 neque
1643 3879 1784 3942 uuquam

215 3981 330 4063 postea
349 3976 513 4060 pristinam
533 3980 713 4045 libertatem
735 3995 830 4068 atque
851 3957 1028 4066 potentiani
1043 3981 1278 4066 recuperarint.
1310 3981 1381 4046 Nec
1396 3983 1475 4047 v'ero
1496 3978 1663 4064 perspexit
1683 4001 1785 4063 aeque

217 4097 408 4184 gloriosam
423 4120 460 4162 ac
485 4100 676 4184 sempiterna
702 4100 1103 4167 hominum‘admiratioue
1130 4101 1257 4188 diguam
1286 4124 1354 4166 esse
1371 4099 1531 4168 ‘eiusmodi
1552 4094 1692 4177 cladem,
1728 4096 1784 4162 ubi

217 4218 302 4304 liber
329 4220 469 4304 populus
499 4225 651 4286 adversus
670 4220 875 4288 insidiatores
903 4244 941 4286 ae
968 4235 1124 4304 tyrannos
1152 4242 1240 4284 arma
1260 4243 1386 4286 sumens
1407 4233 1516 4287 certae
1535 4221 1634 4287 morti
1654 4217 1782 4286 obuiam

216 4339 243 4414 it
263 4341 431 4424 effusoque
449 4339 583 4407 sortiter
602 4321 755 4426 sanguine
774 4342 866 4408 fatali
886 4346 1012 4407 tandem
1025 4340 1208 4408 necessitati
1221 4341 1415 4408 succumbit.
1451 4345 1515 4407 Sed
1524 4343 1604 4407 haec
1617 4341 1785 4404 hactenus.

217 4457 314 4538 Vo‘s,
344 4441 605 4540 commilitones,
624 4463 685 4526 'vel
715 4485 756 4527 er
786 4462 899 4548 paucis
924 4463 975 4528 his
1004 4461 1185 4548 colligetis,
1215 4462 1435 4546 quomodo'in
1454 4461 1599 4547 legendis
1620 4457 1785 4525 veteribus

218 4572 438 4666 'scriptoribus'
457 4587 613 4648 'nostrum
639 4583 734 4650 uobis
760 4581 913 4649 indicium
940 4557 1080 4650 liberum
1111 4597 1208 4669 atque
1228 4581 1389 4668 integrum
1409 4583 1578 4648 reseruare
1598 4583 1783 4657 debeamus,

219 4699 268 4778 si,
300 4713 336 4766 ut
358 4713 454 4782 recta
472 4703 556 4777 ratio
575 4703 687 4783 iubet,
727 4727 800 4770 cum
821 4705 960 4790 antiquis
982 4717 1013 4769 et
1034 4704 1134 4771 amice
1154 4715 1188 4770 et
1208 4723 1286 4770 vere
1306 4704 1431 4768 versari
1452 4703 1585 4770 velimus
1602 4771 1607 4784 ,
1626 4714 1784 4768 nostram·

212 4843 273 4906 que
301 4820 401 4888 vitam
428 4825 560 4888 brevem
600 4835 697 4909 atque
724 4826 880 4892 incertam
907 4825 941 4892 iu
972 4824 1077 4892 omnia
1103 4826 1214 4894 secula
1243 4821 1343 4890 uobis
1370 4835 1447 4890 nota
1473 4821 1566 4908 quasi
1597 4823 1780 4888 extendere
