4218 5706
784 259 1150 412 [-ss-‹

244 493 477 574 δειδίττοντια,
508 497 597 580 qood
624 495 868 580 Theophrastus
894 493 977 580 ipso·
994 501 1059 568 bon
1087 493 1238 583 agnoseit
1251 465 1266 572 ,Ι
1295 491 1514 583 Interpolator
1544 494 1576 562 in
1606 498 1683 563 loeo
1713 499 1807 563 foede

244 603 402 713 eorrnpto
422 620 460 682 de
480 637 541 682 suo
563 614 694 680 addidit.
748 651 752 660 ·
851 685 854 691 ,
896 684 904 693 ,
1272 600 1276 606 ’

324 737 407 821 Cap.
438 715 487 806 13.
513 731 532 800 ὁ
559 733 596 800 δί
621 729 795 820 περίεργοέ
817 728 970 810 τοιοῦτόν
995 755 1068 812 τις,
1102 722 1173 805 οἶοί
1206 733 1474 818 ἐπαγγέλλεσθαιΙ
1505 731 1671 814 ἀναστὰς,
1707 719 1730 800 d
1761 757 1807 820 μη

241 829 436 938 δυνήσεται,
455 855 512 922 καὶ
530 850 797 939 ὁμολογουμένου
809 854 873 918 τοῦ
893 850 1089 940 πράγματος
1109 852 1239 920 δικαίου
1257 842 1342 920 εἶναι
1367 851 1411 920 ἕν
1426 865 1512 921 ’τινι
1532 854 1632 933 στῶς
1650 855 1810 940 ἐλεγχθῇ·

244 950 343 1061 ναν]
384 954 569 1044 Παλατίου.
591 971 740 1051 ἀναστὰς
761 989 837 1059 post
863 999 897 1040 v.
922 972 1189 1059 ἐπαγγέλλεσθαι
1207 989 1238 1040 et
1262 973 1372 1061 p‘o'snit
1397 990 1473 1060 post
1494 1002 1529 1043 v.
1557 963 1642 1041 εἶναι
1662 976 1808 1043 induetis

150 1153 151 1158 ,
243 1099 354 1165 uerbis
380 1096 508 1178 vitiosis
531 1091 567 1161 ἔν
594 1113 657 1160 τινι
688 1093 769 1170 στὰς
792 1095 918 1160 Aetius.
966 1098 1031 1160 Sed
1045 1078 1169 1180 ¹'priore
1197 1096 1274 1162 loco
1304 1120 1338 1160 v.
1365 1090 1512 1172 ἀναστὰς
1546 1117 1657 1162 osrere
1681 1095 1808 1162 minime

244 1241 436 1305 possumus3
457 1216 540 1284 nihil
561 1216 643 1282 enim
665 1238 705 1282 eo
730 1216 933 1302 frequentius
942 1221 1039 1314 -apud
1060 1215 1218 1281 Oratores
1240 1214 1468 1312 Atticos,'ubi
1490 1239 1572 1300 quae
1586 1215 1752 1302 -quispiam
1776 1215 1809 1282 in

177 1423 180 1430 1
240 1340 406 1407 eoneione
424 1341 526 1404 verba
544 1336 660 1403 feeerit
680 1350 823 1402 narrant.
864 1336 980 1418 Lysias
998 1325 1087 1400 κατὰ
1103 1329 1286 1426 Ἀγοράτου
1304 1359 1338 1418 p.
1354 1337 1413 1400 est
1427 1337 1530 1400 Βαλίε.
1550 1334 1622 1400 bisi
1643 1335 1809 1425 Κλεοφῶν

245 1483 281 1525 τε
303 1457 384 1544 ὑπὲρ
405 1455 494 1544 ὑμῶν
513 1453 812 1533 admonuissemus
830 1451 999 1538 ἀντεῖπεν,
1019 1453 1062 1531 ῶς
1085 1452 1193 1520 οὐδενί
1213 1449 1326 1542 τρόπῳ
1342 1444 1416 1518 οἶόν
1438 1474 1471 1519 τε
1492 1453 1542 1535 εἴη
1564 1456 1671 1520 ποιεῖν
1689 1455 1810 1520 ταῦτα.

244 1578 326 1663 μετὰ
351 1578 388 1644 δὲ
403 1579 507 1643 ταῦτα
526 1575 769 1665 θηραμένης-
783 1609 821 1624 -
833 1571 981 1652 ἀναστὰς
992 1575 1077 1660 λέγει
1096 1569 1161 1654 ὅτι,
1182 1581 1215 1639 κ.
1225 1595 1252 1638 τ.
1264 1574 1292 1646 λ.
1334 1577 1413 1640 Item
1434 1574 1519 1640 κατὰ
1538 1576 1602 1640 τῶν
1621 1575 1810 1641 σιτοπωλῶν

244 1724 279 1788 ρ.
301 1701 369 1765 335.
388 1694 568 1781 ἡγούμενος
580 1695 616 1762 δὲ
632 1694 692 1778 tyn
709 1694 817 1760 δεινὸν
837 1683 924 1762 εἶναι·
939 1691 1077 1760 τοιαῦτα
1093 1691 1275 1774 ἐθίζεσθαι
1293 1696 1398 1759 ποιεῖν
1420 1693 1479 1774 την
1497 1694 1641 1777 βουλὴν,
1663 1693 1811 1772 ἀναστὰς

247 1807 357 1896 εἶπον,
378 1811 430 1882 ὅτι
454 1838 483 1880 κ.
498 1838 526 1880 τ.
542 1815 571 1880 λ.
610 1815 732 1880 Verbis
756 1829 859 1880 autem
885 1815 1048 1899 corruptis
1072 1828 1144 1898 apte
1171 1814 1345 1878 substitues
1376 1817 1433 1879 καί
1456 1811 1722 1898 ὁμολογουμένου
1751 1815 1810 1882 τοῦ

246 1913 439 2025 πράγματος
465 1917 596 2002 7δικαίου
620 1922 725 2013 εἶναι,
749 1932 932 2024 φενακίσας
957 1931 1174 2019 ἐλεγχθῆναι·
1202 1953 1267 2032 quo
1300 1935 1373 1998 item
1403 1937 1505 2000 verbo
1533 1939 1652 2002 crebro
1675 1948 1810 2001 utuntur

249 2059 417 2127 Oratores.
463 2055 648 2150 Dinarchus
686 2054 772 2120 κατὰ
803 2053 1042 2138 Δημοσθένους
1069 2057 1191 2146 ρ.·1ἰ”8
1220 2036 1322 2122 Bekk.
1355 2048 1406 2120 ὅτι
1431 2055 1559 2138 μᾶλλον
1590 2051 1811 2140 ἐξελήλεγκται

247 2174 431 2266 φενακίζων
443 2173 537 2260 ὑμᾶς.
565 2178 809 2248 ¹Demosthenes
829 2176 904 2262 περὶ
923 2174 982 2254 τῆς
998 2163 1268 2262 παραπρεσβείας
1285 2199 1318 2258 p.
1333 2177 1392 2240 322
1410 2177 1513 2240 Bekis.
1536 2171 1740 2262 perseipsum
1753 2173 1811 2241 καί

248 2295 486 2386 φενακίσαντες
510 2293 611 2380 ὑμᾶς.
637 2293 723 2362 κατὰ
746 2291 890 2360 Μειδίου
906 2303 939 2379 p'.
960 2297 1032 2362 ten.
1054 2289 1137 2362 ὅταν
1157 2292 1326 2373 ἐξαπατῶν
1350 2297 1407 2362 καί
1433 2294 1616 2391 φενακίζων
1637 2287 1812 2384 ὀδύρηται.

247 2415 332 2482 κατὰ
362 2413 637 2505 Ἀριστοκράτους
666 2440 701 2501 p.
724 2417 799 2483 αδδ.
830 2407 961 2492 εἰκότως
989 2413 1235 2500 ἐφενακίσθητε
1266 2416 1324 2509 καὶ
1358 2411 1667 2500 superponendo„
1692 2416 1811 2482 'l'otius

242 2551 352 2608 :autem
371 2537 439 2606 loei
458 2561 568 2604 sensus
589 2537 735 2602 diversus
756 2535 869 2622 utique
890 2538 931 2600 ab
952 2557 1010 2613 eo,
1041 2559 1135 2626 quern
1163 2527 1266 2600 adhuc
1292 2535 1493 2601 tradiderunt
1512 2536 1723 2620 interpretes,
1756 2535 1810 2600 hie

220 2681 317 2753 „esse
342 2657 491 2724 videtur:
530 2659 662 2739 „Homo
688 2657 834 2742 ineptus,
856 2658 941 2742 (quo
968 2656 1078 2722 nescio
1105 2657 1160 2720 eui
1186 2655 1408 2736 velificetur‚)
1436 2656 1469 2720 in
1494 2655 1655 2723 'concione
1675 2678 1811 2742 surgens

242 2777 421 2863 «pollicetur
441 2777 605 2862 officium,
636 2783 727 2864 quod
747 2777 857 2861 copias
879 2797 952 2841 suas
972 2789 1118 2858 superat;
1152 2791 1184 2842 at
1210 2797 1282 2841 eum
1310 2773 1419 2844 omnes
1440 2789 1505 2843 uno
1527 2776 1812 2844 orevconsentiunt

248 2921 315 2964 rem
336 2902 376 2964 ab
398 2922 437 2965 eo
456 2897 644 2983 promissam
666 2921 737 2968 esse
754 2896 956 2963 iustissimam
975 2896 1114 2982 ideoque
1135 2919 1205 2961 euin
1225 2901 1320 2965 fidem
1340 2911 1503 2982 praestare
1517 2897 1649 2975 iubent,
1671 2910 1812 2984 nugator

244 3019 513 3103 deprehenditur,
534 3017 784 3085 interimamus
806 3040 839 3082 se
860 3021 952 3103 quod
967 2996 1152 3100 promiserit
1172 3019 1306 3104 exsequi
1327 3041 1392 3084 non
1411 3015 1543 3102 posse.“
1574 3003 1577 3008 ⁵
1639 3025 1655 3082 ,“

245 3201 247 3208 .
307 3193 311 3202 ,
347 3139 429 3226 Cap.
450 3142 509 3206 22..
522 3136 667 3215 ἐκδιδοὺς
686 3133 788 3204 αὑτοῦ
807 3137 980 3225 θυγατέρα
998 3137 1059 3202 τοῦ
1079 3141 1140 3216 μὲν
1154 3136 1274 3225 ἱερείου
1296 3137 1382 3218 πλὴν
1402 3139 1466 3203 τῶν
1485 3134 1646 3226 ἱερείων
1668 3135 1710 3202 τὰ
1731 3136 1812 3223 κρέα

249 3256 499 3342 ἀποδίδοσθαι]
548 3259 602 3324 Sic
639 3258 736 3323 Libri
763 3272 941 3341 corrupte;
983 3263 1022 3322 de
1053 3257 1239 3325 Cssauboni
1273 3235 1459 3325 coniectura
1496 3282 1581 3324 nune
1610 3259 1717 3325 editus·
1749 3257 1812 3322 τῶν

247 3381 354 3469 ἱερῶν.
394 3380 488 3459 Fuit,
518 3379 574 3466 qui
594 3379 771 3448 coniiceret
796 3377 881 3458 πλὴν
905 3371 970 3443 τῶν
992 3377 1134 3480 μηρίων,
1156 3397 1306 3465 „praeter
1327 3406 1398 3449 ossa
1427 3406 1444 3447 e
1469 3383 1648 3450 femoribus
1668 3399 1810 3462 exsecta,

249 3522 333 3588 quae
359 3523 431 3568 eum
453 3515 599 3581 omento,
623 3513 656 3568 et
684 3500 776 3586 adipe
805 3513 891 3566 teuta
910 3499 943 3564 in
964 3503 1057 3564 deum
1083 3504 1240 3586 honorem
1270 3507 1506 3570 cremabantur.
1518 3509 1532 3538 ‘¹
1574 3505 1659 3583 Sed,
1690 3518 1812 3572 utnon

248 3619 341 3686 nimis
372 3623 576 3709 elegansest
602 3622 685 3686 illud
709 3621 771 3686 τοῦ
796 3624 858 3706 μὲν
889 3616 1008 3707 ἱερείου
1031 3620 1118 3702 πλὴν
1141 3622 1206 3688 τῶν
1232 3625 1344 3711 ἱερῶν,
1378 3625 1423 3690 ita
1446 3625 1522 3690 huie
1549 3623 1672 3710 opponi
1690 3639 1809 3711 potest,

248 3740 290 3808 τὰ
311 3739 417 3827 μηρία
438 3741 612 3807 vendibilia
632 3764 697 3808 non
713 3741 831 3817 suisse3
861 3740 1018 3806 utrumvis
1036 3742 1139 3830 igitur
1158 3767 1223 3810 non
1246 3743 1383 3828 prorsus
1406 3759 1495 3811 caret
1515 3744 1722 3832 negligentia.

260 3919 264 3924 .
304 3933 307 3940 Δ
335 3862 428 3948 ¹Cup.
447 3865 497 3930 28.
518 3858 719 3948 προσελθων
736 3860 772 3926 δὲ
791 3863 860 3938 τοῖς
881 3860 957 3938 τοὺς
974 3853 1094 3938 ’ῶιπους
1118 3861 1211 3939 τοὺς
1237 3861 1432 3954 ἀγαθοὺς
1458 3865 1604 3940 πωλοῦσι
1628 3861 1812 3954 προσποιὴ·

250 3958 386 4047 σασθαι
417 3978 596 4072 ῶυητιᾷυ·]
643 3982 746 4047 Nimis
775 3982 932 4048 infinitum
964 4003 1088 4070 genus,
1122 4009 1194 4054 eum
1222 3999 1326 4050 tamen
1349 3986 1504 4051 articulus¹
1531 3999 1655 4052 eertum
1679 3985 1812 4073 aliquod

249 4125 351 4188 genus
370 4101 548 4190 significet,
570 4102 647 4168 mihi
661 4124 785 4188 semper
797 4102 900 4168 uisum
923 4116 991 4189 est,
1012 4104 1045 4168 οί
1063 4095 1159 4169 ἵπποι
1184 4105 1217 4169 ολ
1236 4103 1369 4191 ἀγαθοί
1389 4105 1469 4190 (pro
1490 4127 1556 4192 quo
1578 4105 1683 4172 Attici
1702 4106 1811 4192 potius

146 4245 148 4252 ·
250 4222 361 4287 dicum
387 4220 507 4310 ἵππους
537 4220 724 4314 λαμπρούς·
757 4225 867 4290 Isaeus
893 4249 929 4310 ρ.
946 4227 1003 4289 137
1027 4227 1130 4294 Belsk.
1161 4220 1317 4312 πρόβατα
1345 4222 1521 4305 ἑξήκοντα,
1557 4212 1657 4308 αἶγας
1680 4221 1811 4305 ἑκατὸν,

250 4338 390 4428 ἔπιπλα,
409 4335 510 4408 ’ίππσυ
526 4338 700 4429 λαμπρόν,
726 4339 778 4431 ἐφ’
801 4329 842 4408 οὗ
859 4340 1076 4433 epotemus.
1116 4345 1234 4426 Lysias
1252 4370 1285 4429 p.
1306 4349 1362 4412 stt
1384 4349 1487 4414 Bekk.
1511 4341 1550 4412 ori
1566 4342 1674 4430 μόνον
1690 4339 1811 4423 ἰ’ππους

243 4458 621 4551 λκτὴσατολαμπροίς,
641 4458 727 4528 ἀλλὰ
746 4464 804 4530 καί
822 4459 1008 4544 ἀθλητάς.)
1035 4468 1208 4532 Praeterea
1232 4467 1345 4532 mirum
1369 4467 1498 4533 videtur
1517 4467 1684 4552 proprium
1707 4487 1810 4552 genus

249 4582 353 4668 ίλιίοεε
371 4582 551 4672 hominum,
573 4583 636 4670 qui·
648 4586 755 4650 bonos
777 4588 942 4650 dumtaxat
959 4604 1061 4670 equos
1082 4589 1274 4652 venderent:
1295 4586 1325 4650 si
1346 4585 1474 4673 quidem
1492 4585 1586 4651 etiam
1605 4587 1690 4668 apud
1705 4586 1810 4651 Athe-

251 4701 393 4779 nienses,
423 4715 459 4768 nt
479 4709 565 4787 opud
586 4728 667 4784 nos,
696 4703 831 4770 eximios
851 4728 924 4769 cum
944 4681 1158 4770 deterioribus
1182 4706 1301 4772 mixtos
1326 4707 1454 4776 venisse
1475 4717 1722 4772 consentaneum
1741 4720 1808 4775 est.
