4148 5704
870 325 1114 410 ...16-

217 543 304 608 Vide
328 542 446 632 igitur,
466 564 505 608 ne
525 542 557 610 in
582 539 737 626 ἀγαθὸδς
755 539 892 610 lateat'
873 493 1071 628 αγωνικοὸς,
1092 539 1218 628 „equos
1244 544 1285 606 ad
1306 539 1480 606 certamina
1509 523 1643 624 publiea
1664 544 1792 662 aptos‚“

218 664 273 750 qui
293 663 404 746 utique
425 663 588 752 segregati
608 686 626 728 a
648 662 763 729 ceteris
785 663 881 730 vendi
901 675 1067 746 poteraut
1589 666 1592 673 '
1782 723 1786 730 .

316 783 398 868 Cap.
419 786 472 847 ll.
493 778 787 869 ὁδὲὸπερήφανος
800 765 928 858 τοιὸςδε
946 803 1004 860 τις,
1024 770 1195 860 οἷος-ἐ·-
1209 767 1245 848 cri
1261 777 1406 860 ποιήσας
1428 781 1629 865 μεμνῆσθαι
1650 778 1793 871 φάσκειν

219 901 260 970 ἐν
289 903 383 980 ταῖς
409 898 527 982 ὁδοῖς
552 905 610 968 καὶ
629 898 822 986 βιάζειν·]
866 900 1066 985 Corruptuu:
1093 904 1202 970 locum
1226 901 1348 968 invenit
1368 902 1430 966 iam
1452 904 1675 985 interpolator
1694 905 1792 974 Pala·

217 1023 333 1112 ἀροῖ,
353 1027 436 1087 unde
456 1021 586 1106 scripsit
611 1022 668 1085 καὶ
689 1011 725 1084 εὖ
749 1016 895 1100 ποιήσας
911 997 1113 1105 μεμνῆσθαι
1142 1017 1285 1108 φάσκειν
1304 1023 1363 1096 καὶ
1389 1019 1514 1104 βιάζειν
1541 1021 1576 1085 ἐν
1599 1024 1672 1099 ταῖς
1699 1017 1790 1098 ὁδοῖς

218 1140 276 1226 τάς
299 1137 427 1218 διαίτας
452 1139 595 1228 κρίνειν,
624 1147 713 1226 quod
737 1143 865 1236 Grae'eo
888 1142 1030 1208 sermoni
1050 1147 1201 1226 adaptare
1231 1143 1324 1208 aliter
1350 1163 1415 1207 non
1443 1149 1619 1225 potuerunt
1647 1143 1788 1208 editores

219 1262 383 1328 novissimi
400 1263 462 1326 nisi
479 1264 678 1328 secludentes
695 1286 729 1340 v.
744 1258 889 1344 βιάζεινι
912 1263 970 1328 καὶ
990 1261 1027 1326 ἐν
1039 1263 1112 1338 τοῖς
1131 1257 1222 1338 ὁδοῖς
1240 1260 1298 1336 τάς
1313 1257 1443 1336 διαίτας
1463 1257 1607 1346 κρίνειν,
1628 1275 1790 1346 assumpto

220 1405 260 1447 ex
286 1395 378 1466 parte
405 1381 648 1465 interpolatoris
681 1375 810 1464 panno.
846 1376 951 1458 deleto
980 1403 1062 1446 vero
1087 1385 1213 1460 verbo,
1250 1385 1339 1467 quod
1362 1394 1393 1445 et
1417 1381 1487 1464 ipse
1516 1382 1734 1465 Interpolator
1758 1395 1792 1446 et

219 1502 320 1566 ceteri
342 1501 560 1585 Theophrasti
584 1501 818 1582 codicesbaud
837 1501 1024 1585 interpolati
1042 1502 1120 1570 satis
1142 1515 1293 1581 tuentur,
1322 1502 1368 1566 ita
1390 1495 1538 1578 scilicet,
1567 1514 1603 1565 ut
1616 1571 1617 1576 γ
1629 1471 1802 1585 corrupto.

219 1621 305 1687 aliud
323 1621 588 1698 substituendum,
610 1621 793 1705 neutiquam
810 1619 913 1704 ipsum
926 1619 1141 1687 inducendum
1154 1622 1207 1686 sit.
1228 1624 1414 1700 Praeterea,
1436 1644 1507 1686 curn
1524 1643 1650 1686 sensum
1665 1623 1787 1686 nullum
1852 1635 1854 1640 ’

218 1746 388 1827 praeberet
403 1740 600 1825 μεμνῆσθαι
614 1736 755 1828 φάσκειν
772 1739 818 1804 sic
836 1745 920 1806 nude
935 1740 1086 1824 positum,
1103 1740 1216 1806 Astius
1236 1745 1275 1804 de
1293 1740 1480 1808 coniectura
1494 1739 1581 1805 dedit
1594 1739 1792 1824 μεμνήσθω

220 1864 377 1954 φράζειν,
413 1890 478 1952 quo
496 1889 608 1950 parurn
625 1865 784 1929 iuvamur.
822 1865 909 1930 Mihi
932 1864 965 1929 in
993 1862 1189 1945 corruptelis
1212 1861 1283 1926 istis
1312 1866 1391 1926 haee
1424 1862 1574 1926 videntur
1598 1861 1724 1926 latere:
1756 1849 1791 1924 εὖ

219 1983 360 2064 ποιήσας
386 1983 583 2068 μεμνῆσθαι
604 1981 745 2068 φάσκειν
765 1983 800 2048 ἐν
824 1986 897 2062 ταῖς
917 1983 1043 2058 ’δέλτοις
1063 1985 1121 2046 καὶ
1141 1979 1328 2065 βαστάζειν.
1373 1982 1433 2057 „Si
1458 1981 1645 2048 raudusculi
1667 1979 1790 2065 aliquid

219 2106 369 2179 familiari
396 2105 549 2182 donavit,
577 2104 796 2182 Mentiouem,
827 2103 955 2189 inquit,
983 2103 1117 2168 huiusce
1143 2103 1293 2168 beneficii
1316 2103 1370 2167 sac
1396 2103 1429 2167 in
1457 2101 1671 2191 pugillaribus
1700 2099 1790 2177 (sive
1826 2137 1831 2142 -

220 2226 358 2302 tabulis)
390 2225 451 2290 tuis
475 2223 630 2310 illicoque
658 2229 748 2310 quod
771 2224 831 2289 tibi
854 2223 927 2288 dedi
956 2223 1098 2292 aufer!‚“
1134 2219 1366 2310 Ὑπερηφανιά
1395 2233 1500 2290 autem
1528 2222 1611 2286 inest
1639 2219 1734 2285 etiarn
1756 2221 1791 2300 in

219 2349 322 2411 verbo
341 2341 519 2428 βαστάζειν
539 2367 600 2427 pro
620 2341 812 2432 ἀποφέρειν.
850 2319 965 2408 Verba¹
985 2366 1065 2409 vero
1083 2341 1126 2422 ve'at
1150 2343 1223 2419 ταῖς
1248 2340 1338 2419 ὁδοῖς
1362 2347 1395 2406 h.
1416 2345 1440 2409 l.
1462 2355 1618 2427 corrupta
1642 2363 1712 2407 esse
1736 2343 1791 2406 vel

220 2489 261 2530 ex
285 2489 324 2531 eo
344 2479 448 2550 patet,
471 2468 561 2548 quod
580 2487 654 2530 :nox
671 2475 881 2547 repetuntur:
902 2464 960 2526 καὶ
978 2462 1015 2528 ἐν
1031 2464 1105 2538 ταῖς
1124 2458 1216 2538 ὁδοῖς
1237 2446 1467 2549 πορευόμενὸς.
1494 2461 1645 2528 Ceterum
1658 2457 1789 2546 praeter

221 2585 302 2676 alios
332 2585 507 2672 nonnullos
537 2583 588 2646 bic
616 2605 747 2668 quoque
777 2584 870 2649 loeus
894 2586 1092 2651 demonstrat
1116 2582 1382 2666 interpolationes
1405 2581 1570 2650 Palatinas
1591 2605 1656 2649 non
1684 2585 1788 2649 solum

222 2729 262 2792 ex
288 2707 436 2768 affectata
455 2707 590 2788 quadam
609 2703 791 2774 eruditione
809 2713 900 2771 ortas
922 2723 1008 2781 esse,
1031 2707 1087 2768 sed
1103 2702 1262 2769 homiuem
1278 2702 1527 2780 scholasticum,
1550 2702 1603 2766 cui
1618 2706 1787 2781 debentur,

219 2827 396 2922 interdurn,
429 2823 488 2887 etsi
516 2825 655 2902 frustra,
687 2823 780 2888 etiam
809 2822 976 2910 corrigere
1004 2823 1146 2890 voluisse
1174 2822 1354 2906 scripturae
1386 2823 1481 2902 vitia,
1518 2845 1599 2909 quae
1624 2822 1687 2888 iam
1712 2837 1789 2888 tune

221 2948 464 3027 'l'heophrastea
484 2944 719 3010 deformabant.
763 2946 817 3008 Ex
838 2947 948 3009 eodem
969 2943 1094 3008 seilicet
1115 2942 1302 3030 corrigendi
1323 2942 1450 3026 pruritu
1473 2943 1685 3026 prodierunt,
1707 2965 1789 3030 quae

220 3065 397 3129 immutavit
419 3065 452 3129 in
473 3067 536 3129 line
559 3063 642 3148 Cap.
664 3066 714 3129 18.
737 3077 769 3129 et
790 3063 823 3128 in
844 3065 906 3127 fine
929 3062 968 3129 C.
982 3065 1045 3140 23„
1068 3062 1124 3127 ubi
1144 3062 1365 3146 imperativum
1382 3062 1507 3204 τέρφον
1525 3061 1602 3139 τοὺς
1620 3059 1791 3152 παρόντας

220 3184 357 3250 ridicule
390 3187 589 3250 confundens
619 3208 691 3248 cum
721 3183 894 3268 participio
923 3206 986 3268 pro
1020 3206 1059 3250 eo
1087 3183 1218 3269 scripsit
1248 3176 1371 3262 εἰπεῖν,
1405 3175 1457 3250 ὅτι
1492 3182 1531 3248 τὸ
1559 3184 1685 3271 τέρψον
1715 3181 1791 3302 τοὺς

220 3302 390 3394 παρόντας
409 3299 684 3394 παρεσκεύασται.

225 3481 230 3502 .
308 3425 401 3508 ·.Cap
424 3427 475 3488 96.
498 3419 575 3488 ὁδὲ
561 3419 806 3509 ὲόλιγαρχικὸς
824 3418 972 3498 τοιοῦτός
989 3444 1056 3501 τις,
1078 3409 1149 3498 οἷος
1167 3420 1226 3488 τοῦ
1243 3417 1352 3506 δήμου
1369 3418 1575 3506 βουλομένου
1595 3422 1640 3510 τῷ
1656 3418 1792 3509 άρχοντι

220 3543 313 3623 τινάς
329 3542 597 3630 προσαιρεῖσθαι
612 3543 670 3622 τῆς
688 3545 822 3626 πομπῆς
836 3541 1209 3627 οννεπιμεληοομένους,
1229 3540 1412 3630 παρελθών
1432 3535 1654 3626 ἀποφήνας
1676 3537 1695 3606 ἕ
1696 3539 1789 3628 χεν]

221 3667 275 3742 Sic
296 3665 409 3730 Libri:
434 3660 624 3751 ἀποφάναι,
650 3665 907 3745 „contradicere“
930 3663 1007 3730 Ast.
1024 3662 1125 3742 coni,
1147 3658 1403 3751 ἀποφήνασθαι
1422 3662 1658 3741 Schneiderus‚
1689 3661 1790 3728 ascita

220 3785 469 3869 interpolatione
500 3785 668 3849 Palatina:
702 3778 954 3872 ἀποφήνασθαι
985 3779 1028 3860 ὡς
1062 3783 1115 3848 δεῖ
1141 3777 1394 3870 αὐτοκράτορας
1423 3779 1561 3858 τούτους
1591 3769 1695 3846 εἶναι·
1726 3777 1790 3846 κάν

222 3902 318 3970 ἄλλοι
360 3899 614 3991 προβάλλονται
654 3902 759 3983 δέκα,
803 3902 908 3986 λέγειν
937 3901 1062 3982 Ἱκανὸς
1091 3889 1137 3979 εἷς
1176 3898 1276 3968 ἐστίν.
1330 3905 1418 3968 Puto
1454 3902 1578 3968 fuisse:
1615 3897 1790 3990 ἀποφῆναι

214 4020 308 4101 ’Ἅλις
335 4021 408 4110 ἔχει.

225 4207 234 4245 ·.
321 4146 405 4218 lbid.
437 4141 580 4228 ἀκριβῶς
608 4141 873 4230 ἀπωνυχισμένος
894 4143 1006 4230 σοβεῖν
1033 4143 1133 4223 τοὺς
1162 4142 1382 4222 τοιούτους
1407 4139 1579 4232 λόγους]
1618 4145 1692 4212 Hoc
1716 4165 1788 4210 cum

223 4272 389 4342 Graccum,
413 4289 478 4332 uon
513 4287 583 4334 esse
615 4265 784 4345 viderent,
817 4266 942 4332 ⁴Critici
977 4267 1093 4350 partim
1120 4277 1360 4352 proposuerunt
1389 4267 1536 4354 ψοφεῖν,
1565 4263 1682 4349 partim
1711 4261 1789 4342 τούς

221 4381 390 4464 τοιούτους
413 4383 531 4471 λόγους
551 4385 662 4470 λέγων.
702 4389 769 4454 Iam
793 4387 906 4467 σοβεῖν
930 4387 1046 4453 mutari
1066 4409 1130 4453 nou
1152 4388 1263 4464 debet,
1285 4409 1357 4451 euru
1371 4387 1491 4454 fastum
1510 4382 1648 4452 hominis
1669 4380 1789 4468 optirne

224 4510 406 4603 describat:
435 4521 466 4572 et
493 4507 647 4590 exemplis
676 4510 715 4572 ab
744 4507 840 4573 Aetio
863 4507 966 4573 allatis
990 4508 1064 4574 addi
1086 4506 1463 4592 possunt'Alciphrouis
1489 4505 1569 4570 Lib.
1590 4507 1621 4571 1.
1641 4505 1707 4590 Ep.
1736 4507 1789 4574 dd.

222 4655 255 4716 p.
278 4633 334 4696 189
356 4633 522 4715 Wagner:
545 4623 579 4705 ῖξ
601 4615 647 4692 οὗ,
660 4628 861 4716 φιλοσοφεῖν
880 4624 1074 4707 ἐπενόησας,
1098 4624 1218 4712 σεμνός
1231 4647 1280 4704 τις
1297 4626 1409 4712 ἐγένου
1427 4627 1485 4692 καὶ
1503 4622 1563 4702 τάς
1581 4620 1689 4713 ὀφρῦς
1706 4618 1787 4712 ὑπὲρ

222 4749 297 4828 τοὺς
311 4748 507 4838 κροτάφους
528 4749 662 4835 ἐπῆρας.
700 4737 786 4818 Εἶτα
809 4749 921 4833 σχῆμα
944 4745 1102 4833 ἔχεινκαὶ
1124 4745 1290 4831 βιβλίδιον
1309 4745 1393 4830 μετά
1407 4746 1520 4830 χεῖρας
1540 4738 1586 4820 εἰς
1608 4742 1668 4823 τήν
1688 4738 1790 4808 Ἀκα-

223 4869 345 4964 δρμίαν
375 4869 502 4954 οοβεῖς,
532 4867 590 4949 τήν
611 4867 646 4933 δὲ
674 4865 834 4956 ἡμετέραν
855 4863 967 4934 οἰκίαν
986 4865 1029 4944 ὡς
1052 4863 1127 4932 οὐδὲ
1149 4859 1229 4931 ι’δάν
1255 4862 1418 4952 πρότερον
1444 4864 1604 4952 παρέρχῃ.
1641 4862 1723 4928 Lib.
1750 4868 1810 4940 t.-
