4148 5704
889 278 1107 362 ...6.-

221 491 280 572 τῆς
298 488 473 576 dedicatio
492 485 585 570 ἕξεως
599 484 836 574 ’ω’ρμιχμένοτις.Ι
865 490 977 577 Magis
995 491 1089 559 etiam
1111 493 1262 562 nostram'
1274 492 1495 562 coniecturam
1511 490 1789 579 cnubrmatlocus
1830 474 1831 478 ί

221 635 255 696 p.
276 613 315 680 31
332 612 429 679 Geel.
450 606 572 680 λοιπόν
591 605 664 676 οὔτε
682 603 843 698 ἐμπείρως
861 604 926 678 tut
945 608 1023 678 τῶν
1044 611 1273 696 βιβλιακῦν
1294 634 1324 680 κ.
1339 634 1369 678 τ.
1387 612 1417 678 ί.
1470 675 1473 683 ,
1781 667 1788 686 ,

318 733 362 798 Ρ.
382 731 442 797 399
461 733 615 814 Romp.
636 732 674 794 41
696 731 792 798 Geel.
810 753 848 814 p.
867 732 908 797 δῦ
932 733 1053 800 Lucht.
1076 727 1159 798 ῖίστε
1186 731 1374 816 (Τίμαιον)
1395 729 1443 816 μή
1472 733 1666 804 καταίιπεῖν
1690 730 1789 821 ῦπερ·

220 846 323 936 βολὴν
335 851 405 929 τοῖς
424 847 608 937 μειρακίοις
624 851 694 927 τοῖς
715 849 750 916 ἐν
767 852 841 929 ταῖς
861 849 1048 939 διατριβαῖς
1069 853 1126 917 καὶ
1145 853 1214 929 τοῖς
1231 849 1381 930 τόποις
1398 851 1483 943 πρός
1498 852 1558 934 τός
1574 851 1787 940 παραδόξους

222 967 450 1058 ἐπιχειρήσεις,
481 963 564 1036 όταν
588 964 613 1050 ἢ
639 967 799 1058 θερσίτον
820 968 924 1054 λέγειν
947 968 1107 1056 ἐγκώμιον
1127 967 1151 1051 ἢ
1175 969 1374 1052 Πηνελόπης
1398 972 1598 1060 προθῶνται
1622 971 1735 1061 ψόγον
1764 971 1787 1053 ἥ

222 1112 310 1168 τινος
330 1088 441 1179 ἑτέρον
465 1090 529 1157 τῶν
556 1085 739 1171 τοιοῦτον]
786 1091 917 1156 Geelius
947 1091 1103 1176 proponit
1131 1088 1321 1179 μειρακίοις.
1342 1093 1411 1168 τοῖς
1426 1141 1428 1148 .
1443 1091 1688 1180 ε’νδιατριβοῦσι
1708 1095 1789 1176 ,τοῖς

221 1208 355 1290 τόποις,
383 1215 495 1276 Luoht
519 1211 589 1287 τοῖς
608 1205 744 1286 θάκοις.
790 1211 951 1294 Polybius
978 1210 1107 1293 scripsit
1131 1212 1190 1276 καὶ
1216 1211 1285 1290 τοῖς
1305 1205 1434 1288 πότοις.
1475 1211 1530 1281 Sio
1562 1218 1647 1296 apud
1672 1216 1787 1282 Xenoe

221 1335 374 1414 phontem
396 1331 572 1416 Ephesium
591 1333 631 1408 3,
653 1332 672 1396 9
692 1353 724 1414 p.
747 1332 787 1396 33
806 1334 960 1399 Passum.
977 1329 1156 1421 προσιοῦσι
1175 1328 1211 1397 δὲ
1228 1328 1287 1396 τοῦ
1306 1325 1410 1394 τόπον
1432 1305 1512 1400 scite
1538 1333 1656 1402 lacobs
1681 1355 1787 1404 eureu-x

222 1451 328 1518 davite
349 1450 506 1538 προϊοῦσι
525 1447 562 1514 δὲ
580 1447 640 1514 τοῦ
659 1427 785 1515 πότον·
1601 1529 1603 1536 Ι

318 1576 361 1639 Ρ.
383 1576 442 1638 400
460 1575 555 1639 Rom.
575 1595 608 1655 p.
630 1571 667 1634 41
690 1571 782 1636 Geel.
803 1595 838 1655 p.
860 1572 899 1635 32
918 1562 1095 1644 Lucht.,ii
1120 1565 1238 1654 σχεδόν
1258 1563 1305 1644 εἰς
1324 1566 1362 1634 τό
1381 1566 1619 1658 παραπλήσιον
1638 1568 1787 1656 ἐμπίπτει

220 1691 290 1770 τοῖς
313 1693 390 1780 περὶ
411 1688 485 1766 τοῦς
506 1691 541 1756 ἐν
560 1686 748 1781 Ἀκαδημίᾳ
768 1686 887 1776 λόγους
910 1688 971 1756 τόν
997 1686 1407 1777 προχειριστότατον
1430 1686 1556 1786 λόχον
1587 1686 1786 1773 peneadem]

220 1812 428 1895 „Proximum
445 1827 516 1877 erat
536 1811 715 1899 corrigenti
730 1808 1002 1900 προχειρότατον,
1022 1816 1079 1876 sed
1098 1833 1164 1876 non
1184 1809 1292 1896 agitur
1314 1813 1353 1874 de
1376 1812 1588 1897 extemporali
1611 1812 1786 1890 facultate,

220 1936 277 1998 scd
296 1937 335 1997 de
357 1931 413 1997 illa
440 1946 527 2010 arte,
550 1952 648 2017 quae,
676 1943 711 1995 ut
735 1930 768 1994 in
791 1935 961 1997 rhetorum
976 1933 1088 1996 schola
1109 1942 1194 2008 erat,
1216 1926 1275 1993 τόν
1294 1921 1381 2010 ἥττω
1407 1927 1510 2016 λόχον
1527 1928 1786 2019 κρείττωποιεί.

220 2053 335 2139 ltaque
354 2049 519 2140 χείριστον
542 2075 654 2118 verum
672 2063 770 2135 puto,
799 2055 889 2136 quod
910 2050 1053 2135 reposui.
1063 2048 1080 2078 ‘⁶
1111 2051 1221 2114 Gneo.
1262 2050 1387 2114 Verum
1417 2052 1585 2137 sequentia
1607 2066 1788 2120 monstrant

220 2195 286 2240 non
314 2176 354 2237 de
383 2173 607 2258 sophistarum
634 2170 779 2236 artificiis
806 2193 844 2235 ac
869 2170 1074 2257 praestigiis,
1107 2169 1224 2255 quibus
1257 2169 1331 2248 illi,
1368 2193 1531 2257 nunquam
1559 2194 1665 2249 vero,
1697 2177 1790 2256 quod

220 2293 335 2372 sciam,
357 2292 566 2371 Academici,
587 2289 647 2357 τόν
658 2285 743 2372 ίίττω
759 2285 859 2375 λόγων
870 2287 1003 2378 κρείττω
1023 2293 1215 2368 reddebant,
1237 2295 1294 2356 sed
1307 2290 1401 2360 unice
1415 2295 1454 2356 de
1469 2290 1666 2375 ridiculisac
1677 2314 1786 2376 prope

219 2412 411 2480 scaurilibus
435 2408 735 2500 παραδοξολογίαις
758 2431 934 2478 sermonem
958 2433 1039 2476 esse.
1079 2414 1254 2478 Praeterea
1280 2406 1380 2496 λόχον
1406 2425 1481 2496 post
1506 2409 1638 2497 λόχους.
1653 2417 1788 2485 tolerari

219 2533 351 2620 nequit:
373 2531 485 2619 quidni
503 2531 605 2619 igitur
627 2533 790 2618 legamus:
811 2529 871 2595 τόν
888 2527 1147 2618 προχειρότατον
1159 2531 1274 2616 peteo
1287 2527 1464 2617 ἠσκηκόσι,
1493 2556 1707 2614 ‚,serm0ncm,
1730 2536 1787 2622 qui

221 2653 356 2720 maxime
376 2652 476 2718 risum
497 2651 662 2717 excitat‘⁴‘?
1778 2731 1781 2736 Ι

228 2799 231 2806 ·
297 2773 404 2846 ¹Ibid.
430 2771 599 2850 τοιαῦταις
619 2771 764 2861 χρῶνται
791 2766 1090 2859 παραδοξολογίας
1117 2772 1173 2836 καὶ
1205 2767 1359 2850 τοιαύτας
1386 2768 1614 2862 εὐποροῦσι
1638 2771 1787 2844 meere.

220 2916 340 2974 eneas.
355 2886 437 2959 ίίστε
456 2893 680 2980 διαπορεῖν
698 2886 877 2958 δυνατόν
897 2889 966 2958 ἔστι
987 2889 1062 2968 τοῦς
1084 2889 1119 2955 ἐν
1134 2886 1303 2979 Ἀθήναις
1327 2888 1427 2968 ὄντας
1447 2889 1703 2982 ὀσφραίνεσθαι
1721 2894 1785 2962 tritt

220 3013 392 3106 ἑψομένων
412 3012 484 3080 dur
499 3012 707 3104 ἒνἘφίσῳῚ
750 3013 897 3078 Verbum
918 3007 1069 3096 εὐπορεῖν
1087 3018 1171 3096 apud
1183 3013 1376 3098 Polybium,
1399 3027 1435 3078 ut
1456 3028 1704 3084 consentaneum
1725 3029 1785 3092 est,

221 3133 422 3204 construetur
445 3135 497 3200 vel
526 3159 600 3200 cum
625 3134 770 3221 genitivo
801 3137 853 3200 vel
884 3156 956 3198 cum
984 3134 1092 3200 dativo
1121 3159 1180 3200 uec
1212 3136 1328 3220 recipit
1363 3136 1597 3202 accusativum:
1631 3137 1787 3223 quocirca

221 3256 632 3328 emendandumarbitrorz
654 3252 886 3343 depopulentur,
907 3269 944 3320 ut
964 3257 1041 3324 Lib.
1064 3260 1125 3334 38,
1148 3259 1184 3334 4,
1206 3237 1238 3352 ί.
1260 3253 1369 3321 πολλοί
1389 3275 1465 3321 τινα
1485 3256 1570 3345 πρός
1588 3254 1711 3336 ταύτην
1727 3256 1787 3334 τὴν

219 3375 387 3445 ὑπόθεσιν
415 3370 603 3461 ε’μπορεῦων
629 3377 687 3442 καὶ
712 3374 986 3461 μεθοδενόμενος.
1025 3379 1200 3446 Praeterea
1219 3379 1406 3463 legendum:
1436 3369 1518 3442 δίστε
1542 3377 1739 3462 διαπορεῖν,Υ
1758 3372 1790 3454 εἰ

221 3497 363 3564 δυνατόν
381 3497 449 3563 ἐστι
468 3517 498 3560 κ.
517 3517 545 3561 τ.
562 3496 593 3560 λ.
632 3496 763 3561 Scilicet
785 3489 817 3561 εἰ
834 3500 1024 3582 absorptum
1049 3511 1097 3562 est
1116 3521 1136 3567 a
1155 3497 1272 3564 litteris
1294 3517 1354 3562 ειν.
1481 3569 1483 3574 ,
1670 3571 1672 3577 Ι
1701 3573 1704 3578 1
1738 3552 1742 3557 .
1780 3554 1784 3560 .

318 3622 359 3688 Ρ.
381 3621 440 3683 418
458 3621 553 3689 Rom.
573 3641 606 3700 p.
628 3617 668 3680 64
688 3618 779 3683 Geel.
799 3641 834 3700 p.
855 3620 892 3683 51
913 3621 1026 3686 Lucht
1056 3616 1284 3700 κομισθέντος
1303 3617 1339 3682 δὲ
1359 3618 1419 3683 τοῦ
1436 3615 1585 3701 βιβλίον,
1613 3617 1787 3706 προτείνας

140 3793 143 3800 .
222 3736 303 3804 αῦτό
324 3739 383 3803 καὶ
406 3732 677 3825 καταπράξας
695 3731 828 3828 πάντων
848 3732 998 3823 ὁρώντων
1014 3758 1083 3808 m.
1096 3739 1145 3817 ία]
1178 3741 1273 3823 Lego
1294 3735 1569 3824 κατασπαροίξας,
1589 3740 1786 3820 „lacerauu‘l

317 3862 362 3929 Ρ.
382 3861 440 3924 425
460 3861 557 3924 Rom.
578 3881 611 3940 p.
634 3859 673 3921 72
694 3857 784 3922 Geel.
805 3881 838 3939 p.
860 3858 900 3923 58
918 3860 1040 3923 Lucht.
1069 3850 1122 3924 ίίτι
1149 3855 1296 3941 μάλιστα
1324 3857 1561 3922 κακοποιοῦσιν
1589 3857 1633 3936 αἱ
1659 3861 1788 3923 κακαί

222 3977 456 4066 σύντροφοι
482 3971 839 4064 τοῦςόνθροίπονῳ]
881 3978 936 4067 Sic
964 3981 1028 4046 Ed.
1057 3983 1221 4074 Romaua3
1258 3991 1393 4063 uterque
1421 3979 1552 4054 editor,
1584 3982 1729 4045 Batavus
1754 3993 1786 4044 et

222 4104 400 4166 Germanus
425 4102 585 4163 'dederunt
609 4097 642 4162 οί
664 4100 763 4163 κακοὶ
789 4091 987 4196 σύντροφοι.
1027 4099 1186 4184 Equidem
1212 4101 1363 4184 praefero
1392 4099 1428 4162 αἱ
1453 4100 1554 4164 κακαὶ
1580 4097 1788 4189 σνντροφίαι.

221 4224 324 4289 Mox:
335 4217 405 4283 »tut
423 4215 482 4282 τόν
502 4213 662 4282 σπόδωνα
681 4221 739 4283 καὶ
758 4216 818 4299 τὴν
837 4214 956 4284 τοῦτον
975 4217 1190 4305 σωντροφίαν.
1222 4269 1224 4276 ,

300 4344 344 4407 Ρ.
370 4341 430 4404 428
454 4342 549 4408 Rom.
571 4357 611 4422 p.
637 4341 674 4404 76
702 4341 801 4407 Geel.
822 4364 856 4425 p.
886 4341 923 4409 61
951 4343 1072 4405 Lucht.
1100 4337 1188 4403 δυεῖν
1222 4339 1257 4403 δὲ
1280 4338 1620 4424 σνχκρινόντων,,
1638 4340 1699 4404 τοῦ
1724 4343 1785 4424 μὲν

222 4454 492 4549 πανονρχοτότον
507 4457 684 4538 δοκοῦντος
702 4446 802 4538 εἶναι,
822 4461 881 4526 τοῦ
902 4456 937 4525 δὲ
957 4454 1286 4548 praeproperum]
1321 4461 1452 4526 Geclius
1465 4462 1636 4545 proposuit
1649 4480 1785 4544 ,ονχκρι-

222 4580 387 4664 νομίνωνς
405 4579 439 4645 in
459 4580 542 4644 idem
562 4604 634 4643 cum
654 4580 821 4648 incidisset
843 4585 972 4659 Lucht,
993 4580 1040 4645 ita
1062 4581 1173 4648 edidit.
1216 4583 1280 4646 Sed
1302 4581 1436 4665 propius
1457 4585 1497 4644 ad
1518 4580 1650 4646 Codicis
1669 4579 1785 4646 lectio.

223 4731 295 4774 nem
334 4700 459 4768 accedit
495 4693 763 4786 σνχκρονόντων,
802 4704 956 4784 „duobus
983 4701 1069 4768 inter
1101 4725 1135 4768 se
1159 4700 1470 4779 concurrentibus,
1511 4701 1543 4768 in
1578 4723 1612 4768 se
1646 4698 1786 4768 invicem

223 4823 484 4914 impingentibus.
493 4821 509 4852 “
