4148 5704
871 317 942 342 u...-
978 267 1015 354 '5
1048 315 1112 347 ....

181 490 279 554 ,νιιαὶ
293 484 441 572 μάλιστα
462 483 609 574 Τιμαίῳ,
630 489 706 574 περὶ
719 473 759 551 οὗ
771 480 991 569 νῦνλόγος·
1010 483 1057 551 οδ
1076 490 1149 570 μέν
1165 483 1230 576 γάρ
1255 483 1298 554 άν
1310 483 1390 576 ὑπὲρ
1399 488 1471 554 τῶν
1485 488 1642 556 τοιούτων
1656 513 1785 581 κιφα-

7 661 36 696 ,ι
100 655 129 701 Ι.
205 604 350 672 ’λαίαν
377 595 400 698 ᾗ
425 589 692 685 ποιήσωνται
714 604 776 685 τὴν
798 602 965 682 ὑπόθεσιν
992 604 1298 687 διαλανθάνουσιν,
1321 607 1397 674 οὐδ
1420 596 1472 674 ὧν
1492 609 1787 692 βουληθῶσι-δια-

220 726 358 792 θέσθαι
379 728 435 790 καὶ
457 721 692 818 σνναποδιῐξαὶ
712 747 744 790 τι
763 725 827 790 τῶν
847 725 936 790 κατά
954 725 1054 813 μέρος
1061 773 1081 804 ,.
1097 729 1242 792 τοιοῦτοι
1265 726 1522 816 φαίνονταιικαλ
1551 728 1700 808 πάντες
1719 720 1786 808 οἷος

139 859 149 916 ᾖ
212 845 392 934 Ἔφορος]
434 845 752 928 Sicenrruptissime
783 845 896 910 Editio
923 848 1068 912 Romana
1077 873 1085 923 ;
1121 848 1253 912 Geelius
1275 849 1356 914 ita:¹
1376 846 1420 914 οὐ
1445 853 1528 933 μέν
1544 849 1618 938 γάρΙ
1634 845 1784 937 δίνίἰπέρ

185 1042 188 1048 Γ
219 966 286 1031 τῶν
307 961 463 1030 τοιούτων
486 961 766 1052 κεφαλαιώδη
785 962 990 1043 ποιήσωνται
1009 965 1069 1046 τὴν
1085 963 1254 1031 ὑπόθεσιν
1280 965 1585 1047 διαλανθάνουσιν,
1612 964 1693 1033 οὐδ’
1715 969 1786 1034 ἐὰν

220 1083 416 1167 βουληθῶσι
437 1083 631 1148 διαθέσθαι
652 1085 709 1148 καὶ
729 1083 965 1162 συναποδιῑξαί
986 1107 1018 1150 τι
1036 1086 1100 1151 τῶν
1121 1084 1207 1150 κατά
1228 1089 1346 1175 μέρος,
1374 1087 1517 1152 τοιοῦτοι
1544 1086 1565 1151 δ
1570 1092 1585 1152 ὲ
1605 1085 1785 1174 φαίνονται

221 1201 452 1280 καλπάντας
471 1191 704 1290 σίοςἜφορος.
724 1208 850 1268 Lueht:
874 1201 949 1268 οὐδ
957 1209 971 1268 d
986 1203 1067 1291 γάρ
1081 1204 1151 1270 ἐάν
1167 1203 1247 1292 ιἰπέρ
1261 1206 1326 1272 τῶν
1344 1203 1500 1272 τοιούτων
1515 1203 1783 1294 κεφαλαιώδη

220 1321 423 1403 ποιήσωνται
448 1323 508 1404 τὴν
528 1321 734 1407 ἐξήγησιν
750 1321 1055 1403 διαλανθάνουσιν,
1083 1319 1169 1388 οὐδ’
1196 1324 1268 1390 έάν
1294 1325 1490 1407 βουληθῶσι
1513 1324 1785 1390 διαθέσθαικαὶ

220 1426 455 1522 συναποδιῖξαί
472 1466 503 1508 τι
523 1444 589 1508 τῶν
606 1441 690 1510 κατὰ
703 1445 824 1530 μέρος,
842 1441 943 1509 ἀλλά
961 1445 1104 1508 τοιοῦτοι
1118 1443 1294 1530 φαίνονται
1308 1447 1365 1510 καί
1384 1441 1532 1520 πάντες
1549 1433 1619 1521 οἷος
1627 1442 1785 1533 Ἔφορος.

219 1567 381 1650 Equidem
401 1565 446 1628 sie
468 1565 695 1650 corrigendum
713 1578 810 1647 puto:
834 1553 880 1628 οὗ
900 1563 1060 1660 μέν’μάρ
1083 1560 1124 1628 ῶν
1146 1563 1227 1652 ὑπὲρ
1251 1562 1488 1629 τῶντοιούτων
1510 1563 1782 1653 κεφαλαιώδη

202 1682 423 1764 ναιήσονται
449 1682 509 1764 τὴν
528 1680 714 1762 ὑπόθεσιν,
737 1683 1054 1751 διαλανθάνουσιν·
1082 1671 1130 1748 οὗ
1148 1681 1188 1748 ’δ
1220 1679 1269 1748 άν
1287 1684 1484 1768 βουληθῶσι
1507 1684 1701 1748 διαθέσθαι
1720 1687 1785 1748 Ικαὶ

221 1801 454 1884 συναποδιῖξαί
468 1827 500 1868 τι
515 1804 581 1869 τῶν
593 1804 678 1868 κατά
692 1805 799 1890 μέρος,
820 1807 1009 1870 τοιοῦτοι
1028 1802 1256 1892 φαίνονται
1275 1808 1333 1870 καλ
1357 1803 1518 1881 πάντας
1545 1793 1615 1880 οἶος
1624 1801 1786 1891 Ἔφορος,

190 2005 192 2012 γ
221 1926 302 2000 „Uni
326 1949 450 2013 pugnas
479 1925 655 1990 summatim
679 1926 913 2009 (capitulatim,
943 1939 978 1990 ut
1005 1927 1050 1992 ait
1075 1925 1231 1991 Aemilius
1255 1929 1408 2005 Probus)
1434 1939 1580 2004 narrant,
1597 1929 1727 2002 latent,
1750 1925 1783 1989 id

221 2057 288 2122 est,
308 2048 451 2112 leotores
472 2069 583 2111 eorum
603 2045 817 2132 ignorantiam
837 2046 885 2110 rei
908 2047 1044 2110 bellicae
1064 2046 1166 2110 minus
1187 2044 1462 2110 animadvertunt:
1492 2047 1549 2111 ubi
1568 2069 1648 2112 vero
1671 2045 1781 2133 singu-

191 2239 194 2246 ·
219 2165 306 2230 latim
328 2186 473 2250 quaeque
488 2187 653 2250 exponere
675 2179 850 2245 conantur,
871 2189 1005 2250 prorsus
1027 2167 1144 2230 similes
1166 2165 1293 2249 Ephori
1315 2169 1605 2249 deprehenduntur.
1619 2165 1635 2192 “

318 2289 359 2352 P.
382 2287 441 2350 394
460 2289 554 2351 Rom.
575 2310 609 2369 p.
630 2287 670 2349 33
691 2287 782 2350 Geel.
803 2308 836 2368 p.
859 2290 895 2350 tt
918 2290 1039 2350 Lneht.
1085 2279 1159 2350 Ὅτι
1185 2284 1220 2350 δὲ
1248 2283 1287 2349 τὸ
1311 2283 1488 2369 λιμάμινυν
1516 2282 1575 2350 οὐκ
1607 2280 1780 2366 δδιίνατον,

189 2475 194 2490 ⁸
215 2401 336 2468 ἱκανὸν
356 2401 540 2490 άπάδιιμμα
561 2402 786 2493 πρόσεστιν
806 2402 825 2469 ὁ
843 2403 1016 2488 ποιητής]
1059 2407 1189 2472 Geelius
1210 2402 1380 2491 πάρεστιν
1408 2409 1547 2474 sortasse
1566 2406 1781 2495 παρέστησεν,

220 2525 433 2610 ‚‚praeb11it.“
1764 2575 1765 2578 η

317 2650 358 2712 Ρ.
388 2649 446 2712 395
478 2651 574 2718 Rom·
602 2671 636 2730 p.
659 2649 698 2712 et
726 2650 818 2716 Geel.
838 2673 872 2733 p.
894 2651 932 2714 28
957 2652 1077 2717 Lucht.
1103 2652 1162 2714 καὶ
1191 2647 1309 2726 τίνας
1342 2645 1512 2733 (λόγους)
1540 2653 1601 2733 μέν
1633 2641 1781 2712 Αἰτωλοί

191 2823 195 2830 .
218 2763 424 2854 προσίενται,
452 2764 572 2842 τίνας
600 2766 635 2831 δέ
651 2765 942 2848 Πελοποννήσιοι,
962 2766 1078 2845 τίνας
1098 2765 1134 2833 δὲ
1151 2765 1348 2848 Ἀθηναῖοι,
1368 2771 1439 2832 καὶ
1458 2764 1572 2852 διόπιρ
1590 2764 1782 2845 Ἀθηναῖοι
1850 2785 1851 2790 ’

219 2886 364 2974 καιρῷ·
389 2888 458 2950 καλ
482 2884 585 2971 πρὸς
605 2883 939 2966 πάνταςῑδιιξιέναι
963 2887 1037 2965 τοὺς
1057 2884 1192 2966 ἐνόντας
1212 2886 1345 2974 λόγους,
1374 2881 1671 2971 δποιιλΤίμαιος
1698 2886 1782 2975 πρὸς
1812 2903 1814 2908 ·

192 3006 332 3092 Ιπάσαν
360 3002 525 3070 ὑπόθεσιν
553 3004 786 3094 ιδριοιλογῶν,
817 3007 931 3084 τελέως
961 3003 1133 3089 άνάληθις
1159 3011 1213 3073 καὶ
1244 3010 1456 3096 μειρακιῶδες
1475 3009 1547 3072 ’καὶ
1577 3005 1786 3097 διατριβικὸν,

193 3124 412 3214 Ι,ιμαι’νεται·]
453 3126 584 3192 Geelins
616 3127 824 3211 suspiratur:
865 3125 958 3204 τίνας
988 3127 1026 3192 δέ
1052 3126 1411 3218 «Ἀθηναῖοι-ῥᾴδιον
1444 3127 1708 3212 πειραθῆναι
1740 3127 1780 3191 έν

218 3247 364 3334 καιρῷ,
383 3244 484 3332 πρὸς
506 3243 662 3322 πάντας
682 3247 724 3311 δὲ
744 3244 896 3326 διιξιέναι
916 3269 944 3312 κ.
957 3270 985 3312 τ.
997 3249 1025 3314 λ.
1057 3253 1186 3314 Lnebt:
1208 3246 1265 3313 καί
1284 3267 1405 3325 τινας
1423 3252 1485 3333 μέν
1507 3243 1653 3312 Αἰτωλοί
1674 3266 1780 3334 προσ-

218 3362 349 3445 ίενται,
369 3363 546 3444 τινάςδέ
577 3364 864 3447 Πελοποννήσιοι,
902 3367 1023 3447 τινάς.
1050 3369 1086 3434 δὲ
1111 3365 1311 3448 Ἀθηναῖοι·
1343 3372 1416 3432 καὶ
1442 3367 1491 3433 τὸ
1518 3366 1630 3457 παρά
1656 3364 1780 3432 πάντι

140 3491 143 3496 ’
219 3487 347 3575 καιρῷ
368 3489 426 3551 καὶ
448 3485 533 3573 πρὸς
551 3484 679 3564 πάντας
699 3485 929 3567 διιξιὲναιι,ἰιι
955 3490 1072 3575 quibus
1100 3513 1174 3555 sune
1200 3491 1402 3554 desideratur
1435 3489 1597 3574 oppositio
1623 3491 1727 3574 aptius
1759 3513 1778 3553 ιι

219 3607 332 3673 Geelio
354 3608 534 3691 proposita.
576 3609 646 3671 Nee
668 3629 748 3672 vero
769 3621 889 3674 rectam
915 3609 1159 3692 explicationem
1182 3609 1317 3674 admittit
1335 3612 1387 3674 vel
1410 3614 1472 3674 hae
1494 3609 1697 3694 oppositione
1719 3633 1782 3695 per

216 3741 301 3811 part.
327 3726 361 3792 δὲ
379 3728 528 3792 restituta
547 3727 628 3791 illud
647 3725 731 3813 πρὸς
750 3724 877 3805 πάντας
892 3727 1041 3808 διεξιέναι
1060 3728 1134 3806 τοὺς
1152 3727 1286 3808 ἐνόντας
1304 3727 1438 3814 λόγονςς
1460 3745 1573 3796 eontra
1587 3731 1778 3796 sententiam

216 3839 416 3932 probabilem
435 3852 515 3914 haec
536 3851 719 3912 habebunt:
741 3847 833 3924 τινάς
855 3849 891 3914 δὲ
913 3846 1112 3929 Ἀθηναῖοι,
1134 3852 1191 3914 καί
1210 3846 1324 3938 διόπερ
1348 3845 1548 3928 Ἀθηναῖοι·
1576 3846 1721 3938 ἀκαίρως
1742 3849 1777 3914 δὲ

198 3969 274 4043 ,καὶ
300 3965 386 4051 πρὸς
405 3959 513 4034 πάντα
536 3963 664 4044 πάντας
687 3965 838 4046 διεξιέναι
861 3967 937 4044 τοὺς
960 3965 1094 4045 ἐνόντας
1118 3967 1254 4055 λόγους·
1274 3975 1458 4055 „quoddam
1473 3970 1656 4035 orationum
1673 3991 1775 4057 genus

216 4088 355 4152 libenter
375 4087 533 4170 recipiunt
554 4088 767 4153 Athenienses
789 4102 820 4155 et
840 4090 967 4175 quidem
989 4103 1123 4175 propter
1142 4091 1175 4154 id
1197 4091 1318 4174 ipsum,
1341 4095 1429 4174 quod
1449 4103 1522 4154 sunt
1540 4090 1772 4166 Athenienses;

216 4207 432 4290 inopportune
453 4230 532 4273 vero
554 4222 584 4272 et
607 4210 639 4276 in
662 4209 775 4296 quavis
794 4233 832 4274 re
854 4210 969 4283 (etiam
990 4211 1142 4290 minima)
1165 4231 1314 4295 promere
1332 4231 1516 4290 sermones,
1539 4214 1773 4296 quesere-sub-

216 4328 389 4407 ministretq
408 4327 532 4413 puerile
553 4336 635 4392 est.“
1487 4313 1499 4327 ⁴

220 4489 224 4496 ·
312 4449 357 4518 P·
378 4449 435 4514 396
455 4453 550 4528 Rom.
571 4473 605 4532 p.
625 4451 664 4514 eti
686 4451 778 4516 Geel.
798 4476 833 4536 p.
861 4453 900 4516 28
920 4454 1042 4519 Lucht.
1069 4448 1141 4516 ἀλλ’
1169 4451 1257 4522 ἐστὶν
1292 4439 1387 4536 οἶμαι
1416 4449 1454 4517 τὸ
1483 4454 1549 4544 μέν
1572 4445 1774 4536 αι’τιολομιίν

213 4567 386 4658 δυσχερές,
418 4567 454 4632 τά
482 4567 519 4634 δὲ
540 4542 732 4655 ῥῶσικοπιῖν
754 4569 844 4647 τοῖς
871 4569 1055 4655 βιβλίοις
1079 4567 1235 4664 ῥηίδιον]
1284 4577 1428 4659 Uterque
1454 4574 1560 4640 editor
1580 4573 1665 4638 dedit
1685 4568 1773 4664 ῥησι,

215 4685 328 4754 κοπιῖν
348 4687 383 4752 έν
400 4690 471 4764 τοῖς
489 4685 639 4773 βιβλίοις.
687 4692 763 4778 Ego
793 4692 960 4776 suspicor:
975 4747 977 4754 .
991 4689 1030 4758 τὸ
1053 4689 1091 4757 δὲ
1118 4689 1310 4781 ρησικοιιιῖν
1337 4695 1405 4770 τοῖς
1434 4693 1619 4778 βιβλιακοίς
1643 4688 1772 4783 ῥᾴδιον,

216 4809 439 4887 dominibus,
468 4810 524 4894 qui
541 4810 635 4875 unice
654 4809 687 4876 in
706 4810 800 4874 libris
825 4813 985 4891 vivunt“,
1018 4831 1102 4897 quos
1122 4836 1153 4897 p.
1174 4816 1213 4878 dd
1235 4816 1326 4880 Geel.
1350 4830 1448 4882 vocat
1467 4813 1542 4890 τοὺς
1565 4807 1632 4878 dut
1653 4808 1772 4892 ταδηης
